2228 3428
300 206 396 257 134.
779 188 1108 244 NUMMI
1167 190 1588 267 ANTIQH

449 264 672 315 nummis
699 262 777 316 M.
817 264 1014 317 Aurelii
1046 282 1106 316 ae
1127 266 1186 319 L.
1217 269 1343 321 Veri
1371 269 1609 323 vidimus,

378 350 430 395 Δ
448 349 560 394 AM
579 345 683 401 ΑΣ
703 350 746 396 Κ
764 351 871 398 HN
891 353 940 400 Ω
959 356 1006 400 Ν
1060 353 1100 398 Γ
1118 352 1166 398 Π
1187 350 1243 403 Σ.
1286 342 1452 396 Pallas
1486 343 1688 416 galeata
1712 388 1726 412 ,
1756 347 1811 399 &
1839 349 2024 400 eadem

449 413 585 465 alata
603 458 616 481 ,
646 419 845 467 nummi
871 435 1040 470 aream
1068 434 1130 469 ex
1164 433 1309 491 parte
1337 419 1509 470 antica
1528 415 1736 470 obtinet
1759 445 1769 473 z
1807 437 1871 473 ex
1894 423 2024 474 alte-

450 507 507 541 ra
527 532 541 558 ,
564 492 702 542 nuda
724 493 817 542 viri
844 490 1067 565 speckw,
1102 491 1284 546 dextra
1315 490 1642 548 Dama-scena
1668 510 1861 566 pruna,
1898 497 2028 550 laeva,

452 563 742 617 caduceum
784 571 1045 639 gerentis:
1077 568 1218 638 cujus
1250 583 1370 621 ante
1406 570 1564 641 pedes
1594 568 1791 620 fistrum
1819 573 2031 646 AEgyp-

454 641 663 694 tiorum.
687 642 845 715 Apud
861 641 1158 695 Tristanum
1176 687 1190 709 ‚
1218 658 1348 699 tom.
1371 665 1408 697 1.
1440 660 1559 716 pag.
1588 664 1681 712 231.
1703 648 1755 697 ὃς
1773 660 1902 698 tom.
1937 668 1953 699 1
1980 669 1999 700 1
2017 689 2029 700 .

458 732 576 788 pag.
622 739 645 770 2.
666 737 686 785 3
707 739 755 784 9.
792 717 1239 772 Damascenorum
1272 736 1410 770 anno
1438 720 1537 776 στί.
1568 718 1673 770 1100
1702 717 1803 786 est,
1834 739 2033 778 cCLx.

457 807 577 841 nam
608 789 735 843 illud
752 805 805 850 Γ.
846 791 927 861 (id
961 792 1105 864 quod
1133 794 1262 866 saepe
1286 792 1392 844 hoc
1416 793 1682 845 volumine
1705 794 2036 849 animadver-

458 861 557 914 suri
586 864 784 936 sumus)
821 886 915 940 pro
949 869 1007 922 L.
1044 867 1147 919 hoc
1181 869 1285 934 est,
1319 868 1604 936 λυχςέξαωτος
1633 872 1874 941 poniturz
1896 889 2026 938 aerae„

458 952 516 989 ut
543 938 802 1009 arbitror,
836 941 1222 996 Seleucidarum
1252 988 1266 1011 ,
1308 962 1421 1016 quae
1462 944 1784 1017 Olympiade
1821 962 1943 998 cxv
1963 969 1980 1002 1
1999 963 2040 1000 1.'

457 1016 670 1067 ineunte
694 1019 884 1090 coepit,
920 1018 1069 1072 Urbis
1102 1021 1290 1073 Romae
1314 1039 1347 1075 c
1365 1039 1398 1075 c
1416 1041 1449 1077 c
1466 1039 1598 1075 CXL
1616 1041 1633 1073 1
1657 1031 1690 1074 1.
1739 1022 1922 1095 que
1947 1021 2035 1073 hic

459 1090 917 1143 Damascenorum
945 1110 1216 1144 nummum
1239 1097 1455 1151 omnino
1478 1093 1654 1146 cusum
1673 1093 1773 1146 ess’e
1800 1097 2037 1166 oportuit:

458 1181 598 1215 anno
616 1162 772 1218 Urbis
798 1170 988 1222 Romae
1013 1188 1051 1224 D
1072 1188 1105 1224 c
1126 1189 1159 1225 c
1182 1189 1219 1222 1.
1249 1187 1357 1240 quo
1382 1167 1492 1222 fere
1520 1170 1602 1224 M.
1622 1165 1827 1221 Craffus
1842 1170 1893 1219 in
1913 1171 2037 1222 Par-

459 1238 562 1288 this
593 1240 806 1295 occisus,

307 1314 365 1370 D
387 1310 436 1364 A
454 1314 512 1366 N
529 1314 645 1366 Vv
664 1316 685 1366 I
705 1317 755 1367 V
774 1318 827 1370 S.
865 1316 1083 1389 Trajani
1113 1335 1358 1371 nummus
1395 1336 1424 1371 e
1470 1317 1697 1372 Cimelio
1733 1320 1927 1391 Regio,
1970 1319 2043 1372 Et:

456 1385 598 1459 apud
614 1389 944 1457 Tristanum,
976 1409 1090 1465 pag.
1114 1413 1219 1465 395.
1247 1409 1377 1448 tom.
1409 1417 1445 1450 1.
1467 1393 1704 1448 Danubii
1717 1394 1940 1465 jacentis
1958 1409 2039 1466 ty-

459 1478 590 1534 pum
620 1463 836 1516 exhibet
859 1509 873 1532 ,
916 1483 1017 1537 qua
1054 1469 1201 1540 pingi
1243 1467 1390 1519 fluvii
1413 1465 1588 1519 forma
1617 1467 1786 1521 solent
1810 1512 1825 1536 ,
1851 1484 2042 1542 nempe

461 1551 526 1587 ex
554 1555 680 1589 urna
710 1535 1046 1592 effundentes
1085 1559 1310 1597 amnem.
1351 1544 1540 1597 Maro:

537 1609 837 1685 Caelataque
866 1634 1058 1667 amnem
1079 1615 1295 1682 fundens
1317 1632 1466 1685 pater
1484 1617 1703 1672 Inachus
1727 1635 1871 1673 urna,

385 1688 636 1743 PONS.
692 1690 1227 1748 TRAIAN1.D
1251 1693 1669 1750 ANVVIVS.
1710 1696 1850 1748 Pons
1891 1690 2043 1768 super

464 1762 777 1818 Danubium
797 1763 1080 1819 fabricatus
1102 1770 1155 1819 in
1184 1785 1402 1821 nummo
1418 1768 1561 1842 apud
1583 1771 1864 1823 Oeconem
1887 1813 1900 1836 ,
1926 1787 2043 1843 pag.

465 1859 590 1909 204.
618 1840 913 1893 Meminere
946 1845 1122 1915 pontis
1149 1841 1282 1895 illius
1317 1847 1462 1899 Dio:
1503 1845 1568 1897 Et
1599 1846 1715 1899 Sex.
1747 1844 1923 1898 Aurel.
1946 1848 2043 1900 Vi-

467 1915 581 1966 ἀοι·
599 1958 614 1981 ,
638 1916 690 1965 in
709 1916 941 1987 Trajuno
966 1941 976 1968 :
1005 1923 1137 1972 Pons
1155 1917 1397 1972 Danubio
1410 1917 1664 1991 impofitus.
1689 1918 2043 1992 Ejusdemque

466 1991 665 2040 mentio
687 1990 739 2040 in
760 1990 963 2042 vetusta
987 1990 1325 2067 inscriptione
1344 2038 1359 2063 ‚
1395 2010 1553 2067 quam
1581 1995 1838 2047 Gruterus
1866 1991 2044 2063 affert,

507 2080 587 2116 aff.
641 2083 674 2118 c
692 2084 722 2118 L
741 2084 811 2120 x1
831 2087 866 2118 1.

465 2080 502 2137 P
539 2106 1276 2199 ³PRov1DENT1A.
1336 2147 1384 2198 A
1412 2135 1463 2199 v
1492 2146 1564 2201 G.
1611 2146 1860 2200 VERE.

469 2213 509 2266 P
528 2215 580 2266 O
600 2217 658 2268 N
677 2216 766 2266 TI
789 2217 861 2267 FI
885 2217 971 2268 CI
995 2219 1042 2269 S.
1079 2219 1374 2272 VIRTVS.
1411 2220 1778 2272 ROMANA.
1822 2221 2043 2294 QVID.

470 2289 697 2340 NON.
756 2290 1104 2342 DOMET.
1175 2293 2040 2349 SVB.1VGVM‚13CCE⁰

472 2363 902 2418 RAPITVR.
946 2364 1061 2416 ET.
1111 2366 1553 2423 DANVVIV
1579 2371 1628 2422 S.

321 2435 450 2491 DA
474 2439 525 2490 R
545 2438 596 2491 D
616 2438 664 2490 A
684 2439 740 2490 N
765 2437 783 2489 I
806 2437 910 2490 CI.
955 2439 1030 2490 Ex
1053 2453 1199 2512 parte
1224 2441 1426 2510 aversa,
1451 2445 1501 2497 R
1522 2444 1574 2497 O
1596 2444 1658 2497 M
1678 2444 1741 2498 A.
1776 2445 1816 2498 E
1852 2445 2042 2497 Museo

472 2509 669 2578 nostro,
702 2512 871 2565 Plinio
890 2556 904 2578 ,
934 2512 1025 2568 lib.
1070 2536 1084 2568 1
1115 2536 1130 2568 1
1159 2535 1202 2567 1.
1227 2514 1341 2570 feet.
1380 2539 1458 2588 29,
1485 2518 1733 2573 Dardani
1764 2526 1815 2572 in
1838 2520 2043 2592 Moeſsa.

471 2587 625 2658 Quos
656 2586 741 2636 hic
771 2585 997 2657 spediure
1029 2588 1168 2640 haud
1195 2604 1390 2644 temere
1427 2590 1596 2645 forsan
1628 2593 1995 2650 existimamus·

324 2668 376 2718 A
391 2672 434 2716 A
451 2673 551 2717 ΡΔ
570 2676 611 2718 Α
626 2674 713 2719 NI
736 2672 785 2718 Ω
803 2675 864 2718 N.
899 2663 1053 2717 Getae
1081 2682 1322 2716 nummus
1339 2682 1368 2717 e
1388 2667 1615 2721 Cimelio
1645 2671 1834 2742 Regio.
1852 2670 2040 2736 Plinio,

473 2736 563 2790 lib.
588 2756 636 2790 v.
664 2737 778 2790 secla.
802 2754 834 2786 x
850 2755 882 2788 x
900 2756 932 2793 x
949 2761 967 2794 1
984 2760 1002 2793 1
1022 2761 1057 2793 1.
1081 2740 1423 2795 Dardaniam.
1452 2743 1724 2817 Stephano
1742 2787 1756 2810 ,
1776 2745 2044 2817 Δέρδὶινος,

473 2811 615 2870 πόλις
651 2812 859 2884 Τρωοίὲὶς
877 2856 889 2870 .
910 2855 921 2867 .
940 2857 952 2869 .
974 2850 985 2863 .
1014 2814 1208 2867 Incolae
1235 2818 1525 2891 Δαφὸδὸνιοι.
1552 2821 1786 2891 Pugnam
1825 2821 2040 2893 gallina-

476 2904 687 2939 ceorum
709 2932 723 2955 ,
741 2889 1046 2953 α’λεκτςύένων
1060 2892 1209 2968 μοι’χον
1229 2937 1242 2960 ,
1266 2893 1453 2946 horum
1474 2897 1695 2946 nummis
1716 2892 2043 2969 insculptam,

463 2963 626 3033 Julius
650 2964 836 3017 Pollux
866 2965 1056 3030 docet,
1086 2965 1173 3019 lib.
1211 2987 1292 3022 rx.
1324 2986 1435 3042 cap.
1471 2988 1557 3023 v1.
1908 2991 1911 2994 ·

394 3040 451 3094 ’Δ
469 3050 513 3094 A
530 3048 634 3101 PA
653 3052 696 3098 A
711 3053 757 3100 N
776 3051 799 3117 1
818 3051 949 3099 ΩΝ.
985 3052 1024 3115 Β
1038 3053 1084 3099 Q
1101 3050 1150 3099 Δ
1171 3053 1193 3098 1
1210 3055 1256 3103 Ο
1273 3055 1327 3102 C.
1362 3043 1516 3119 Juliae
1538 3045 1770 3102 Domnae
1798 3060 2042 3097 nummus
