2228 3428
672 224 735 278 M
761 226 814 280 O
839 225 900 281 N
924 225 964 278 E
990 225 1044 277 T
1075 223 1123 277 A
1145 227 1197 281 R
1219 226 1243 279 I
1264 226 1330 278 A.
1873 250 1893 284 1

161 301 241 352 nis
260 339 273 363 ‚
304 296 445 369 cujus
471 298 777 352 Macrobius
808 302 1070 367 meminit,
1096 299 1184 354 lib.
1216 323 1252 358 1.
1282 303 1483 355 Saturn.
1515 313 1629 374 cap.
1648 316 1711 354 v1
1732 320 1767 355 1.
1792 248 1896 356 Ξ]

162 378 242 423 ita
259 368 673 448 fuiffiefignatum
692 419 705 442 ‚
735 377 910 447 inquit
927 419 940 442 ,
964 373 1201 445 hodieque
1230 372 1524 448 intelligitur
1549 383 1600 428 in
1628 374 1752 428 aleae
1770 376 1892 453 lusti,

161 465 266 499 cum
290 456 429 515 pueri
456 451 678 502 denarios
710 455 761 501 in
777 449 989 524 sublime
1005 452 1259 516 jaflantes
1292 493 1308 517 ,
1355 457 1527 516 capita
1551 466 1646 502 aut
1677 461 1890 521 navim,

159 521 264 598 lusu
279 526 388 592 teste
404 529 680 592 vetustatis,
701 522 1000 577 exclamant.
1019 526 1186 596 Qod
1211 526 1320 576 fere
1339 523 1445 575 ludi
1466 541 1628 596 genus
1650 544 1677 577 a
1699 529 1890 581 nostris

161 617 379 671 quoque
397 603 562 674 pueris
589 601 978 671 frequentatum
1004 601 1280 652 cernimus,
1309 600 1370 650 In
1397 615 1460 650 eo
1483 616 1605 651 vero
1623 602 1891 655 Macrobii

157 671 283 724 loco
301 719 313 740 ,
335 692 462 727 cave
489 676 729 726 denarios
759 691 854 747 pro
877 676 1134 747 argenteis
1158 675 1383 725 nummis
1403 676 1624 747 accipias
1645 701 1654 728 ε
1685 674 1769 728 sed
1793 696 1888 749 pro

156 745 262 800 affe
290 767 351 801 ex
380 767 495 803 aere.
525 752 672 824 Qin
696 754 749 802 &
782 765 993 800 moneta
1014 751 1260 801 minutior
1284 764 1347 800 ex
1378 766 1477 801 aere
1495 793 1509 816 ,
1531 763 1586 800 ut
1607 767 1722 820 quae
1746 752 1889 823 apud

155 823 400 876 Marcum
422 842 571 897 „cap.
611 842 644 874 x
666 845 737 878 11.
781 826 929 882 λεσὲθσὲ
976 825 1051 879 δύο
1086 826 1336 874 dicuntur
1367 849 1377 877 :
1414 824 1505 875 duo
1542 824 1883 893 denaria-<3550

158 898 356 959 &nudem
382 900 539 951 Lucae
569 917 618 952 x,
647 896 933 952 Ambrosio
961 900 1053 950 duo
1083 917 1185 951 cera
1218 898 1577 973 appellantur:
1601 901 1741 973 apud
1771 920 1887 969 ηοε,

159 973 284 1028 deux
309 974 508 1027 deniers.
913 1003 917 1008 -

478 1100 548 1145 In
579 1097 758 1144 triente
786 1113 902 1146 vero
924 1138 936 1161 ‚
975 1093 1036 1156 eb*
1062 1093 1376 1166 quadrante,
1399 1105 1540 1146 rates.

223 1200 429 1253 Festus:
467 1207 705 1254 Ratitum
729 1200 1062 1273 quadrantem
1101 1203 1279 1256 diclum
1309 1213 1523 1269 putant,
1561 1200 1698 1272 quod
1719 1203 1771 1255 in
1798 1221 1882 1269 eo,

147 1268 214 1332 ὅ*
239 1280 413 1326 triente
430 1319 444 1342 ,
480 1277 774 1344 ratisfuerit
794 1278 974 1351 effigies
1005 1301 1019 1328 .·
1063 1293 1119 1329 ut
1141 1283 1290 1329 navis
1322 1321 1337 1342 ‚
1368 1285 1417 1329 in
1440 1276 1551 1347 asse.
1599 1278 1787 1329 Triens
1813 1278 1887 1330 est

152 1347 260 1400 assis
288 1367 405 1423 pars
427 1357 578 1406 tertia
598 1399 611 1423 ‚
637 1369 694 1405 ut
718 1353 978 1425 quadrans
1002 1368 1202 1426 quarta.
1227 1356 1398 1408 Varro
1417 1395 1431 1419 ,
1461 1349 1548 1405 lib,
1576 1370 1646 1407 iv,
1675 1351 1739 1404 de
1758 1351 1881 1427 ling.

152 1422 270 1476 Lat.

321 1533 598 1605 Qadrans
623 1549 781 1587 antea
805 1541 1045 1592 teruncius
1068 1550 1270 1591 vocatus
1297 1557 1329 1589 a
1353 1532 1502 1588 tribus
1529 1540 1694 1590 unciis.

221 1650 366 1702 Prius
393 1657 622 1717 triuncis,
641 1668 757 1722 quae
781 1670 884 1703 vox
907 1653 1052 1704 nihili
1081 1652 1156 1703 est
1173 1695 1186 1718 ,
1208 1670 1304 1724 pro
1331 1658 1566 1704 teruncius
1594 1652 1883 1724 legebatur:

149 1742 308 1797 quam
338 1743 525 1778 vocem
548 1732 598 1779 δέ
627 1727 784 1783 MSS.
809 1728 1018 1779 codices
1042 1726 1294 1778 exhibent
1313 1770 1327 1793 ,
1359 1732 1411 1780 ὃ(
1443 1731 1644 1796 Varr0,
1670 1727 1771 1782 loc,
1798 1733 1886 1786 cit.

146 1816 177 1850 a
199 1819 305 1871 quo
335 1800 526 1853 Plinius
547 1845 560 1867 ,
585 1815 643 1852 ut
680 1800 815 1869 dixi,
848 1801 1029 1854 hausit.
1063 1808 1332 1857 Teruncius
1356 1846 1369 1868 ,
1401 1803 1572 1874 inquit
1603 1846 1617 1868 ,
1662 1822 1696 1853 a
1735 1804 1888 1858 tribus

147 1881 328 1928 unciis.-
352 1874 599 1947 sembellae
622 1877 756 1945 quod
776 1879 922 1929 valet
941 1877 1201 1928 dimidium
1236 1900 1252 1928 .·
1298 1873 1358 1937 (ff
1393 1879 1451 1944 est
1483 1894 1670 1950 quarta
1700 1898 1882 1949 quars,

133 1948 265 2023 ficut
291 1953 547 2022 quadrans
565 1995 578 2020 ,
609 1948 731 2008 affis.

206 2072 387 2139 „Postea
419 2069 731 2126 Hannibale
762 2084 956 2147 urgente
987 2080 1258 2137 Asamum,
1286 2070 1549 2143 ,QFabio
1578 2076 1830 2127 Maximo

598 2148 867 2202 Dictatore
879 2189 893 2209 ,
916 2147 1026 2218 asses
1042 2148 1253 2201 unciales
1268 2148 1418 2213 fasti.

219 2255 283 2306 In
314 2258 486 2330 Regio
519 2258 707 2308 codice
730 2270 879 2307 antea
912 2253 1162 2324 laudam,
1192 2251 1382 2330 legitur
1412 2301 1426 2324 ,
1461 2253 1771 2312 Hannibale
1803 2276 1883 2309 ur.

144 2331 289 2404 'gente
307 2350 616 2403 marcumque
643 2330 840 2385 Fabio:
871 2331 1016 2402 cujus
1031 2329 1307 2382 admonitu
1336 2333 1472 2383 hanc
1501 2350 1689 2384 vocem
1718 2340 1884 2385 Mar.

147 2425 254 2457 cum
269 2408 595 2475 addidimus,
625 2427 738 2479 quae
771 2425 798 2458 a
820 2400 962 2458 fibris'
992 2406 1235 2458 omnibus
1257 2407 1503 2480 impreffis
1532 2407 1702 2460 abest:
1724 2411 1882 2462 etiarn

150 2489 439 2537 Minucium
470 2525 484 2545 ,
521 2483 554 2535 si
596 2483 787 2550 eruditi
820 2480 1034 2533 faveant
1065 2525 1078 2548 ,
1112 2479 1358 2534 libentius
1393 2481 1653 2535 admissuri
1686 2508 1696 2536 :
1737 2487 1884 2556 gnari

149 2558 392 2610 Marcum
423 2562 716 2612 Minucium
747 2557 970 2629 intelligi
1000 2601 1014 2623 ,
1056 2559 1365 2631 Magistrum
1396 2559 1647 2630 Equitum
1668 2603 1681 2626 ,
1721 2576 1882 2630 quem

150 2633 430 2685 Hannibal
454 2635 570 2684 sane
597 2634 938 2684 vehementer
966 2633 1186 2703 urgebat
1204 2677 1219 2698 ,
1250 2632 1370 2683 dum
1391 2633 1675 2705 Q4Fabius
1706 2636 1881 2685 Maxi-

152 2725 266 2757 mus
286 2709 560 2773 Dielator,
586 2709 675 2778 qui
702 2713 754 2759 3<
781 2708 1073 2760 Cuncrator
1090 2705 1251 2757 dicbus
1270 2750 1283 2772 ,
1303 2711 1488 2761 Roniae
1516 2723 1723 2781 ageret:
1742 2725 1883 2761 anno

151 2781 307 2836 Urbis
339 2780 448 2833 fere
475 2802 755 2837 Dxxxvr
777 2803 807 2835 1.
847 2795 903 2831 ut
940 2781 1118 2832 Livius
1149 2780 1352 2855 prolixe
1388 2798 1591 2848 narrat,
1625 2781 1714 2838 lib,
1747 2801 1882 2839 xxix,

153 2874 270 2930 cap.
295 2877 372 2912 xv
390 2878 408 2910 1
428 2877 445 2909 1
466 2878 503 2911 Ι.
541 2863 594 2910 &
620 2875 698 2908 xx
719 2879 736 2910 1
761 2876 808 2910 ν.
838 2857 904 2909 Et
929 2855 1014 2906 hic
1042 2854 1172 2907 alter
1190 2858 1395 2907 interim
1428 2858 1562 2912 Festi
1593 2855 1756 2930 lapsus
1786 2877 1885 2908 no-

152 2933 341 2984 tandus
360 2977 374 2997 ,
401 2935 495 3003 iqui
512 2933 779 3006 septennio
808 2947 1010 2983 tantum
1041 2930 1379 2982 sextantarios
1406 2929 1533 2985 asses
1560 2935 1614 2984 in
1645 2949 1885 2984 commu,

149 3010 202 3059 ni
233 3007 317 3059 usu
344 3003 495 3060 fuiffe
535 3006 743 3060 scribit:
777 3025 895 3060 cum
932 3008 1186 3060 Punicum
1231 3006 1426 3058 bellurn
1470 3007 1691 3060 alterum
1723 3051 1737 3074 ,
1777 3026 1886 3080 quo

153 3082 374 3138 conflari
401 3083 629 3139 unciales
656 3087 822 3158 coepti
853 3081 1002 3151 sunt,
1031 3080 1149 3156 post
1176 3099 1342 3135 annos
1369 3083 1590 3159 amplius
1616 3084 1831 3137 vicenos
1860 3100 1891 3135 a
