2228 3428
297 229 380 265 120
720 206 1082 261 NUMMI
1144 209 1616 284 ANTIQUI

438 283 543 354 jani
574 296 844 346 nummm,
873 298 900 332 a
946 282 1015 334 ud
1054 283 1361 350 Oeconem,
1389 300 1504 356 pag.
1526 289 1631 354 ³215.
1666 284 1888 351 Plinius,
1911 281 2001 335 lib.

446 352 786 410 v1.se‹st.xx1<.
806 362 892 410 Ba
915 354 1036 430 ylon
1065 353 1456 412 chaldaicorum
1473 364 1688 431 gentium
1707 375 1883 427 caput,
1906 355 2007 418 &a

306 429 392 483 CI
413 429 460 484 C
480 430 543 481 A.
589 428 644 481 G
666 432 703 484 E
724 431 779 483 N
802 434 822 484 Ι
842 434 912 485 O.
955 434 1010 486 D
1033 436 1109 487 D.
1141 435 1404 487 Nummus
1433 434 1691 488 Antonini
1713 435 1823 500 Pii,
1852 448 2011 506 quem

449 502 515 554 ad
542 501 725 554 insulas
760 506 911 559 Cicas
939 504 1111 558 nescio
1144 512 1255 579 quis
1283 505 1464 558 insulse
1492 505 1696 572 retulit,
1734 509 1798 558 de
1825 505 2013 579 quibus

453 577 672 645 Plinius,
696 578 784 634 lib.
821 602 835 633 1
860 600 906 634 v.
946 578 1058 635 feci.
1097 600 1127 632 x
1144 600 1222 634 xx
1245 605 1261 637 1
1279 602 1325 637 v.
1357 583 1407 633 in
1430 599 1520 633 ora
1549 579 1827 634 Lufitaniae
1844 622 1860 647 ,
1893 596 2013 633 cum

451 652 518 704 ad
552 652 994 728 Caesaraugustam
1016 653 1211 730 speeket
1233 701 1247 725 ‚
1281 672 1337 710 ut
1359 657 1577 708 diximus
1605 651 1693 707 suo
1723 654 1862 711 loco,

375 805 421 853 A
445 805 890 860 DVENT'VI.
940 806 1147 863 AVG.
1204 806 1499 862 CILICI
1523 805 1634 860 AB.
1679 804 1964 872 Hadriani,
1990 819 2021 855 e

455 877 682 929 Cimelio
712 882 898 951 Regio,
924 879 1062 933 Vide
1091 894 1132 939 K
1152 892 1172 936 I
1192 891 1235 937 A
1255 895 1275 937 I
1296 893 1336 937 K
1356 893 1404 939 Ω
1422 894 1482 939 N·

307 950 372 1002 C.
397 951 455 1003 L.
479 953 519 1004 I.
543 951 678 1004 Vide
718 956 1296 1011 CORINTHVS.

311 1026 358 1077 C
379 1026 421 1078 L
442 1028 488 1079 V
509 1028 565 1081 N
587 1028 609 1079 I
630 1028 693 1080 A.
747 1027 944 1081 Tiberii
985 1048 1223 1084 nummus
1242 1076 1255 1098 ‚
1289 1035 1339 1083 in
1374 1032 1600 1085 Cimelio
1633 1027 2023 1086 Christaniffimi

454 1104 635 1173 Regis.
697 1104 765 1155 Et
809 1103 949 1176 apud
980 1105 1255 1173 Patinum,
1283 1125 1403 1181 pag.
1447 1129 1520 1180 71.
1556 1109 1639 1158 cui
1673 1122 1891 1158 nummo
1921 1103 2019 1155 bos

453 1173 735 1249 insculptus
754 1221 768 1243 ,
792 1177 1022 1229 dedquae
1052 1181 1208 1231 index
1234 1182 1452 1233 coloniae
1482 1182 1572 1234 est.

382 1249 430 1301 C
450 1251 502 1302 O
522 1251 579 1303 L.
623 1253 670 1304 C
688 1253 791 1305 LV
812 1254 867 1305 N
889 1253 988 1304 IA.
1019 1254 1270 1309 Goltzius
1297 1257 1349 1306 in
1365 1255 1637 1307 Thesauro
1653 1298 1668 1320 ,
1693 1270 1810 1326 pag.
1855 1273 1976 1324 239.

375 1324 573 1377 MVN.
619 1327 849 1381 CLVN.
870 1333 1209 1396 Municipium
1226 1327 1493 1401 Cluniense.
1518 1332 1578 1382 In
1598 1329 1782 1380 eodem
1798 1328 2020 1382 cimelio.

381 1398 850 1454 HISPANIA.
900 1401 1263 1457 CLVNIA.
1298 1406 1528 1459 SVLP.
1556 1402 1739 1456 Clunia
1767 1398 2007 1471 Sulpicia.

460 1470 651 1525 Galbae
699 1473 911 1547 Sulpicii
958 1492 1199 1527 nummus
1220 1520 1235 1542 ‚
1264 1478 1478 1532 ibidem.
1543 1477 1716 1530 Plinio
1735 1521 1750 1545 ,
1777 1474 1865 1528 lib.
1911 1499 1929 1530 1
1949 1499 1966 1530 1
1984 1497 2023 1530 1.

457 1545 573 1601 feet.
595 1568 613 1599 1
632 1566 678 1600 V.
706 1548 886 1602 Clunia
906 1546 1183 1602 Celtiberico
1193 1549 1310 1618 finis
1323 1595 1336 1619 ,
1356 1551 1543 1605 Hodie
1562 1569 1722 1625 pagus
1741 1551 1814 1603 est
1837 1559 2024 1612 Crono,

303 1648 306 1651 <
458 1620 541 1672 vel
569 1628 763 1681 Corum
795 1622 879 1676 del
896 1624 1091 1688 conde,
1121 1628 1187 1679 ad
1210 1628 1437 1683 Durium
1458 1630 1543 1694 ,in
1575 1624 1800 1681 Castella
1828 1640 2022 1679 vetere.

313 1691 361 1743 C
384 1692 482 1748 OE
501 1695 544 1748 L
561 1699 642 1752 IV
659 1702 740 1756 M.

384 1769 479 1824 ΑΕ
498 1771 556 1825 L.
601 1774 662 1826 M
681 1777 804 1830 VN
824 1778 847 1829 I
865 1777 931 1830 C.
987 1776 1034 1829 C
1054 1777 1154 1832 OE
1172 1777 1233 1830 L.
1271 1779 1318 1833 A
1335 1779 1480 1834 NT.
1547 1775 1745 1835 AElium
1792 1783 2025 1833 Munici-

451 1852 595 1913 pium
618 1848 819 1903 Coelium
845 1859 1257 1907 Antoninianum.
1290 1856 1557 1907 Nummus
1580 1853 1837 1904 Antonini
1856 1854 2024 1906 Cara-

462 1921 634 1989 callae,
660 1926 711 1975 in
744 1925 969 1978 Cimelio
999 1931 1203 2001 RegiO,
1233 1930 1281 1978 in
1319 1945 1426 1998 quo
1458 1928 1533 1979 vir
1559 1923 1763 1978 saccum
1794 1927 2022 1980 humeris

461 1997 655 2066 gestat,
685 1998 905 2053 coloniae
920 2015 1284 2073 argumentum
1304 2043 1318 2066 ,
1333 2015 1390 2051 ut
1407 2002 1457 2050 in
1480 2002 1701 2051 nummis
1720 2005 1779 2058 N
1783 2003 2025 2074 eapoleos

464 2072 719 2127 Samariae.
747 2073 917 2126 Plinio
937 2118 951 2142 ,
977 2072 1057 2132 lib.
1092 2096 1200 2130 111.
1228 2073 1342 2129 sest.
1375 2093 1451 2127 xv
1468 2096 1502 2129 1.
1524 2073 1756 2139 Coelium,
1788 2080 1842 2130 in
1866 2075 2022 2130 Cala-

462 2145 597 2198 bria:
626 2145 767 2199 haud
790 2148 973 2219 procul
999 2149 1287 2205 Brundisio,

386 2217 481 2271 AE
503 2220 564 2272 L.
601 2222 662 2273 M
678 2225 726 2275 V
746 2225 802 2276 N
821 2225 841 2275 I
859 2223 907 2275 C
928 2226 1020 2278 IP.
1059 2227 1108 2277 C
1125 2227 1225 2279 OE
1247 2225 1307 2276 L.
1334 2227 1586 2290 Macrini,
1611 2230 1664 2277 &
1681 2225 2027 2295 Treboniam,

460 2290 690 2346 ibidem:
724 2312 880 2365 quem
906 2314 1177 2347 nummum
1202 2297 1290 2347 alii
1329 2311 1598 2368 perperam
1632 2296 1701 2348 ad
1737 2297 2025 2352 Coeliobri-

461 2381 582 2437 gam
620 2364 885 2439 Hispaniae
912 2367 1163 2423 referunt.
1208 2371 1295 2426 Sic
1328 2374 1381 2421 in
1415 2373 1598 2423 eadem
1635 2372 1782 2424 Italia
1808 2416 1822 2438 ,
1855 2374 1946 2426 ΑΕ
1962 2377 2025 2430 L.

464 2440 663 2496 MVN.
708 2443 926 2498 FANE.
965 2445 1032 2496 de
1058 2462 1167 2517 quo
1195 2444 1461 2512 dicemUS,
1504 2450 1667 2499 verbo
1702 2449 1739 2500 F
1760 2450 2027 2505 ANVM

467 2514 507 2566 F
528 2516 581 2569 O
602 2519 653 2571 R
669 2518 718 2568 T
733 2520 782 2572 V
802 2520 859 2572 N
874 2521 966 2573 AE.

314 2590 367 2663 *C
386 2590 439 2644 O
459 2589 518 2640 M
537 2591 587 2642 A
601 2593 659 2645 N
677 2593 726 2644 A
761 2593 1105 2660 Cappadociae.

394 2664 592 2719 COL.
633 2666 798 2720 IVL.
841 2668 1042 2724 AVG.
1088 2669 1152 2725 C.
1187 2671 1227 2723 I.
1271 2672 1329 2725 F.
1371 2673 1712 2730 COMAN
1736 2674 1788 2728 O
1811 2674 2027 2729 RVM.

471 2737 682 2792 Colonia
721 2742 863 2794 Iulia
894 2745 1137 2816 Augusta.
1179 2744 1390 2800 Colonia
1425 2747 1569 2803 Iulia
1603 2748 1753 2802 Felix
1784 2758 2025 2804 Comana-

467 2832 588 2873 rum,
605 2813 708 2869 Vel
729 2816 897 2884 forte,-
926 2819 1134 2871 Colonia
1153 2819 1296 2873 Iulia
1320 2826 1547 2898 Augusta
1578 2823 1846 2878 Concordia
1875 2830 2027 2877 Invia

468 2890 549 2942 Ha
575 2890 726 2944 Felix
755 2887 1091 2948 Comanoruin.
1122 2895 1402 2950 Caracallae
1424 2917 1661 2951 nummus
1690 2916 1718 2951 e
1743 2899 1893 2952 Gaza
1914 2901 2024 2954 Re-¹

466 2965 565 3035 gia.
618 2966 720 3020 Sed
757 2970 900 3040 prior
929 2969 1287 3041 interpretatio
1313 2975 1477 3046 magis
1508 2974 1703 3026 arridet
1730 3017 1744 3040 ,
1790 2972 1935 3044 quod
1971 2976 2026 3024 in

376 3096 378 3103 .
434 3062 436 3067 ·
465 3043 689 3096 nummis
728 3041 912 3115 eadem
939 3046 1107 3118 repeti
1135 3041 1353 3102 subinde
1380 3046 1550 3101 solent
1583 3072 1593 3100 :
1630 3060 1689 3099 ut
1716 3050 1768 3098 in
1801 3048 2024 3097 nummis

1533 3120 1994 3175 Antiochenorum
2011 3163 2030 3188 Β
