2228 3428
270 234 392 289 356
732 216 1670 302 NUMMI‘A'NTlQnt

429 296 608 362 Καῖσαρ
638 293 823 365 Μοίρκος
851 296 1132 366 'Avpn'mff
1170 298 1386 365 Κᾶμοῶς.
1409 308 1541 368 Imp.
1575 302 1746 375 Caessszr
1773 312 1861 359 Μ.
1890 308 2004 357 Au-

426 368 508 422 rel.
544 372 850 422 Commodm.
899 373 960 423 In
995 371 1254 424 honorem
1292 377 1677 446 Imperatorum
1705 377 1841 430 edita
1875 379 2004 448 saepe

429 443 714 495 certamina
737 489 751 512 ,
790 448 855 496 ab
886 447 944 496 iis
971 447 1383 520 appellationem
1435 462 1637 501 traxere
1676 476 1686 502 ε
1733 464 1880 509 ΤΡΑ
1900 468 2007 510 I‘A-

427 530 563 575 NEI
587 530 664 585 A,
700 532 1171 580 AAPIANEIA
1198 568 1211 591 ,
1247 535 1666 582 ANTINOEI
1692 540 1732 582 A
1759 569 1773 593 ,
1809 540 2002 586 ETCE-

427 603 616 650 BEIA
643 638 655 659 ,
703 608 1158 656 KOMOAEIA
1187 643 1200 665 ,
1253 613 1676 658 CETHPEIA
1703 647 1715 668 ‚
1762 617 1798 662 Φ
1824 615 1843 657 I
1871 615 2004 659 AA-

429 680 805 730 ΔΕΛΦΕῙΑ
828 717 841 737 ,
885 684 1107 733 ΑΛΕΞ
1130 688 1538 743 ANAPEIA,
1562 678 1866 748 aTrajanO‚
1894 681 2006 755 Hp.-

428 746 616 796 driano
632 790 644 811 ‚
666 750 935 814 Antinoo,
959 751 1236 801 Antonino
1261 753 1357 805 Pio
1374 796 1387 819 ,
1418 753 1729 804 Commodo
1747 796 1760 818 ,
1791 755 2004 818 Severo,

431 820 578 873 Geta
605 825 657 873 &
686 822 958 875 Caracalla
990 821 1262 891 fratribu5‚
1296 845 1518 897 quorum
1549 827 1615 876 ab
1637 826 1800 878 altero
1819 869 1833 892 ,
1863 845 2009 878 nem-

428 911 497 967 pe
518 912 546 945 a
570 896 842 948 Caracalla
863 942 877 964 ,
899 903 952 951 &
973 913 1014 955 A
1033 909 1077 956 A
1098 913 1135 957 Ε
1156 912 1198 960 Ξ
1215 914 1257 956 Α
1277 915 1322 958 Ν
1338 913 1385 958 Δ
1405 916 1438 958 Ρ
1454 916 1489 959 E
1511 913 1530 957 1
1554 916 1595 957 A
1626 905 2007 974 cognominata

431 967 565 1036 effe,
594 970 683 1022 suo
711 972 831 1024 loco
862 972 1046 1030 diduri
1085 974 1252 1027 sumus
1273 1021 1286 1043 ,
1312 993 1370 1028 ut
1399 984 1452 1031 &1
1481 980 1549 1029 ab
1586 976 1885 1029 Alexandro
1921 978 2002 1029 M.

432 1047 512 1096 uti
532 1046 612 1096 alii
646 1047 909 1102 censuere.
948 1052 1114 1103 Mitto
1145 1069 1261 1122 quae
1279 1051 1391 1104 sunt
1410 1051 1747 1124 pervulgata,
1772 1064 1820 1108 H
1842 1063 1886 1108 Λ
1904 1063 1926 1107 Ι
1944 1066 2006 1117 A,

432 1131 880 1191 OAYMHIA,
918 1138 1206 1194 AKTIA,
1244 1137 1625 1185 HPAKAIA
1651 1170 1663 1192 ,
1702 1138 2008 1184 ACKAH—

433 1207 559 1253 ΠΙΑ
581 1241 593 1261 ,
624 1210 667 1254 Κ
686 1211 772 1254 ΑΒ
788 1214 823 1257 E
840 1212 862 1256 I
878 1214 912 1256 P
931 1214 952 1257 I
973 1217 1016 1258 A
1034 1247 1047 1269 ‚
1066 1200 1132 1253 ab
1153 1202 1328 1269 Elide,
1354 1203 1606 1275 Olympia
1626 1246 1639 1267 ,
1665 1202 1818 1253 Ackio
1840 1204 2011 1275 Apol-

434 1270 567 1337 line,
604 1275 844 1327 Hercule
868 1321 882 1343 ,
911 1277 1214 1349 AEsculapio
1239 1321 1253 1342 ‚
1295 1278 1497 1329 Cabiris
1531 1278 1668 1331 Diis.
1699 1276 1764 1327 Et
1796 1295 1908 1347 quse
1946 1276 2013 1328 ab

433 1348 653 1418 Augusti
677 1349 892 1419 cujusvis
905 1354 1120 1403 nomine
1142 1397 1156 1419 ‚
1179 1365 1529 1410 CEBACMIA
1550 1396 1563 1418 ‚
1601 1358 1653 1405 ὃί
1689 1363 2015 1420 CEBACTA‚

435 1434 539 1478 ΑΥ
561 1434 592 1481 Γ
613 1436 979 1483 OTCTEIA
1002 1471 1014 1493 ,
1050 1432 1102 1480 &
1136 1440 1179 1485 K
1200 1443 1235 1484 A
1257 1441 1398 1486 ICA
1419 1442 1563 1486 PEA
1599 1427 1710 1479 sunt
1739 1445 2008 1501 nuncupa-

437 1512 507 1552 ta.
533 1500 599 1551 Et
617 1518 732 1570 quae
755 1499 922 1553 sumus
950 1503 1072 1553 alias
1103 1504 1436 1576 explicaturi,
1457 1508 1508 1553 in
1529 1501 1853 1555 Tarsensium
1871 1520 2014 1553 num-

436 1575 532 1623 mis
552 1617 565 1638 ,
591 1571 682 1624 sub
716 1577 908 1627 Severo
929 1622 943 1644 ‚
971 1590 1011 1635 C
1030 1588 1123 1634 ΕΥ
1143 1593 1192 1635 H
1211 1593 1244 1635 P
1265 1591 1337 1634 EI
1363 1593 1417 1632 Α.
1460 1589 1808 1636 ΟΛΥΜΠΙΑ.
1838 1591 1875 1635 Ε
1894 1588 1941 1634 Π
1961 1590 2009 1633 1-

437 1660 572 1705 NEI
595 1659 635 1704 K
653 1660 673 1704 I
695 1663 753 1706 A.
780 1656 1053 1706 Severmna
1077 1653 1308 1730 Olympia
1341 1660 1653 1713 Certamina,
1673 1655 1753 1705 vel
1774 1659 2012 1707 Praemia.

360 1731 407 1779 N
427 1734 506 1780 11<
526 1738 565 1781 A
584 1735 604 1780 I
620 1737 658 1782 E
678 1737 727 1784 Ω
745 1739 805 1782 Ν.
831 1727 1118 1780 Commodi
1135 1747 1372 1781 nummus
1387 1731 1526 1802 apud
1538 1728 1855 1795 Tristanum,
1879 1744 2010 1781 tom.

439 1819 476 1852 1.
507 1818 619 1873 pag.
642 1823 762 1873 742.
787 1807 840 1855 ὃς
872 1803 1027 1856 Getae
1049 1846 1062 1870 ,
1087 1803 1226 1875 apud
1249 1806 1491 1858 Patinum
1509 1848 1523 1871 ,
1548 1820 1662 1876 pag.
1690 1823 1793 1872 319.
1818 1806 1866 1854 in
1898 1806 2013 1875 qui-

437 1873 533 1926 bus
568 1874 786 1928 Palladis
811 1892 1020 1930 armatae
1050 1878 1263 1952 effigies,
1305 1877 1456 1931 Alter
1476 1923 1490 1947 ‚
1523 1881 1575 1929 in
1604 1897 1712 1951 quo
1742 1880 2029 1944 Hercules&

436 1951 576 2020 apud
606 1952 840 2002 Patinum
862 1994 875 2016 ,
905 1969 1023 2024 pag.
1049 1959 1153 2020 265.

360 2033 456 2079 Ar
475 2038 516 2079 A
532 2035 576 2078 Θ
594 2037 656 2082 H.
703 2037 745 2081 T
761 2038 804 2082 Υ
822 2039 866 2082 X
884 2040 951 2084 H.
995 2042 1040 2086 N
1060 2040 1143 2085 11<
1158 2040 1200 2084 A
1220 2039 1289 2085 1⁴13
1310 2040 1359 2086 Ω
1379 2042 1437 2086 N.
1473 2033 1620 2081 Bona
1643 2034 1869 2080 Fortuna
1904 2033 2012 2080 Nl-

441 2100 694 2173 caeenstum.
720 2102 918 2158 Mulier
945 2103 1211 2155 seminuda
1243 2101 1460 2177 scopulo
1490 2102 1687 2155 inlidet.
1719 2103 1758 2155 E
1792 2102 2016 2155 Cimelio

439 2178 630 2249 Regio,
664 2180 803 2232 Vide
842 2190 885 2234 K
904 2191 941 2234 A
963 2190 1007 2236 A
1027 2190 1072 2235 X
1091 2191 1129 2235 Α
1147 2190 1316 2237 ΔΟΝ
1332 2192 1421 2237 ῙὨ
1437 2193 1498 2236 Ν.
1539 2180 1598 2230 In
1631 2176 2015 2250 nuinmojuliae

438 2252 675 2306 Domnae
705 2297 720 2320 ,
759 2255 903 2325 apud
932 2257 1228 2307 Tristanum
1260 2298 1274 2322 ‚
1318 2271 1450 2308 tom.
1496 2276 1509 2306 1
1539 2275 1581 2306 1.
1626 2270 1741 2324 pag.
1779 2274 1900 2322 147.
1934 2254 2016 2301 cui

439 2324 707 2398 inscriptio
737 2372 751 2396 ,
794 2342 840 2384 N
860 2342 881 2385 1
900 2341 942 2385 K
959 2344 999 2384 A
1017 2341 1038 2384 Ι
1055 2342 1092 2386 Ε
1110 2341 1160 2386 Ω
1181 2343 1226 2386 Ν
1258 2373 1271 2394 ,
1311 2330 1413 2402 ipsa
1445 2331 1678 2381 Fortuna
1700 2330 1752 2376 in
1780 2325 2013 2399 Templo

439 2398 566 2464 stat,
601 2418 718 2452 cum
749 2417 991 2468 temone,
1023 2410 1076 2457 ὃ(
1100 2407 1286 2476 Copiae
1315 2422 1512 2454 cornu..

364 2483 508 2532 IfoT
527 2485 572 2531 Λ
592 2487 612 2530 Ι
629 2488 688 2530 A.
725 2491 766 2533 A
784 2488 877 2535 ΥΓ
893 2489 995 2535 ΟΥ
1012 2492 1053 2535 C
1069 2491 1110 2533 T
1129 2492 1188 2535 Α.
1255 2482 1432 2549 Caput
1446 2475 1592 2550 Juliae
1628 2479 1874 2531 Domnae.
1937 2476 2023 2529 Ex¹

441 2564 589 2622 parte
612 2551 785 2602 aversa
803 2594 816 2618 ,
851 2555 901 2603 in
925 2571 1152 2619 corona,
1195 2564 1465 2611 CEOYH
1486 2565 1568 2609 PE
1589 2564 1611 2607 Ι
1629 2566 1686 2607 Α.
1759 2565 1794 2611 Φ
1821 2561 1843 2605 Ι
1874 2562 1916 2607 Λ
1944 2565 2011 2605 Α-

441 2634 493 2680 Δ
512 2635 546 2680 Ε
566 2635 614 2681 Α
635 2640 671 2685 Φ
694 2638 728 2681 Ε
751 2638 780 2682 ΙΙ
796 2640 854 2682 Α.
905 2639 1047 2684 ΝΙΚ
1066 2643 1102 2686 Α
1124 2640 1145 2684 I
1164 2642 1197 2686 E
1218 2641 1344 2686 ΩΝ
1391 2629 1691 2680 Certamina
1732 2631 2011 2678 Severiana

345 2730 347 2733 ·
442 2697 812 2769 Philadelphea
840 2705 1180 2772 Nzcaeenstum.
1231 2708 1322 2758 De
1353 2702 1717 2754 certaminibus
1749 2698 2014 2752 Philadel-

443 2773 591 2847 pheis
617 2819 631 2839 ,
669 2775 791 2830 vide
824 2795 936 2850 quae
965 2779 1148 2832 diduri
1176 2779 1342 2832 sumus
1375 2780 1427 2829 in
1466 2779 1687 2830 nummis
1730 2785 1779 2830 Π
1800 2787 2012 2832 ΕΡΙΝΡ

441 2860 486 2904 Θ
504 2862 526 2906 Ι
547 2863 596 2908 Ω
615 2865 677 2908 Ν.

355 2936 444 2995 NI
464 2936 503 2982 K
519 2939 558 2982 A
578 2938 648 2985 ΙΕ
670 2938 718 2984 Ω
738 2941 798 2985 Ν.
861 2942 903 2987 C
918 2942 954 2987 Α
970 2941 1008 2987 Γ
1027 2944 1066 2988 Α
1083 2944 1117 2987 Ρ
1134 2944 1155 2988 1
1172 2943 1232 2989 C.
1272 2928 1418 3005 Juliae
1448 2930 1678 2982 Domnae
1716 2943 1956 2978 nummus
1986 2941 2015 2976 e

440 3001 667 3054 Cimelio
694 3005 866 3077 Regio
894 3029 904 3057 :
936 3007 990 3054 in
1014 3007 1157 3077 cujus
1190 3002 1364 3057 aversa
1386 3018 1536 3077 parte
1567 3002 1882 3054 decumbens
1913 2998 2014 3077 flu-

436 3077 546 3152 vius
582 3100 594 3130 ε
634 3094 794 3151 quem
826 3079 911 3133 vel
941 3081 1138 3135 Nicaeae
1181 3079 1473 3152 Bithynicae
1512 3079 1803 3153 proximum
1824 3117 1838 3142 ‚
1863 3070 1947 3124 vel
1975 3089 2004 3124 a
