2228 3428
328 234 451 287 492
865 203 1199 260 NUMMI
1256 201 1674 276 ANTIQUI

478 298 672 337 nomen
691 325 705 348 ‚
731 279 1084 351 Herculisque
1110 278 1290 329 stantis
1322 277 1547 350 effigies:
1574 288 2057 350 KAEOBOTAOC:

479 370 583 415 TH
601 369 656 413 M
675 369 770 413 EN
786 365 992 414 ΟΘΥΡ
1011 365 1104 412 ET
1124 367 1165 413 C
1184 365 1206 410 1
1225 367 1285 410 N.
1309 352 1519 417 Tniau'ou
1538 355 1672 425 9253„
1690 366 1894 411 Tement'
1916 368 2049 414 Por-

479 448 570 498 tae,
601 449 820 505 quarum
861 427 1133 485 Pausanias
1162 430 1426 495 meminit,
1453 432 1506 479 in
1549 432 1770 499 AtticiS,
1815 451 1931 508 pag.
1960 457 2046 507 34,

479 506 644 571 Αυὲἵας
669 507 705 564 ,ss
729 505 823 563 οἷ’νω
844 506 973 565 πόλις
994 513 1084 566 ’ἔξ-ιν
1112 506 1164 561 ου’
1185 504 1371 575 μεγάλη
1383 504 1596 569 Τημλόου
1613 505 1764 577 ἦν’ρριι.
1790 515 1860 560 In
1879 510 2048 584 Lydia

461 580 710 657 fhperiore
737 582 958 652 oppidum
984 579 1119 633 haud
1142 599 1370 655 magnum
1388 588 1591 634 Temeni
1603 596 1769 649 portae.
1797 585 1859 635 In
1882 585 2049 637 Noti-

477 661 549 710 tia
577 654 771 712 Eccles.
808 675 925 732 pag.
957 679 1043 712 20.
1076 658 1289 722 Τεμᾷόου
1311 658 1443 728 §beffa
1475 654 1715 728 Phrygiae
1744 657 2047 731 Capatianae

473 731 847 786 adscribuntur.
877 734 945 785 Et
972 749 1088 806 pag.
1121 754 1214 804 49.
1242 735 1267 788 ὅ
1291 733 1496 797 Τιμῖόου
1522 732 1666 803 ‘Jnfol'v
1685 777 1698 799 ,
1729 750 1825 806 pro
1849 734 2050 797 Tva'S‘

469 809 631 879 θυμόν.
661 808 821 881 Apud
852 807 1194 861 Ptolemaeum
1217 852 1231 874 ,
1262 807 1352 861 lib.
1383 828 1432 861 v.
1475 824 1589 879 cap.
1633 829 1646 860 1
1677 828 1720 860 1.
1762 818 2047 867 TPIME-

470 894 744 943 ΝΟΘΥΡ
766 893 979 949 ITAI,
1021 900 1117 954 PI‘O
1148 892 1770 941 THMENOQTPIT
1792 895 1893 939 AI.

395 970 504 1018 TH
525 973 630 1019 ME
651 968 1089 1018 NOQDTPETC
1108 970 1148 1016 I.
1184 970 1291 1018 AO
1310 969 1373 1015 Λ.
1430 970 1850 1020 ΞΕΝΟΦῙΛΟΕ-
1892 971 2047 1017 ΑΡΧ.

469 1049 535 1092 A.
568 1048 670 1095 ΤΟ
718 1046 771 1093 Β,
803 1035 965 1091 Pallas
983 1035 1161 1102 sedet,
1197 1039 1248 1086 in
1275 1053 1494 1086 nummo
1523 1034 1786 1087 Gordiani
1806 1034 2047 1104 juniori3‚

469 1128 500 1163 e
529 1113 680 1166 Gaza
708 1114 894 1184 Regia.
926 1108 1124 1168 Λόλλιος
1158 1112 1405 1179 Ξενόφιλος
1423 1109 1685 1186 Ἀρχιερόῦς
1706 1110 1891 1174 malm
1916 1114 2041 1174 τόβ.

470 1190 660 1242 Lollius
685 1184 996 1255 Xenophilus
1028 1186 1272 1252 Pontifex
1287 1193 1477 1256 primus
1499 1198 1687 1238 iterum.
2016 1180 2028 1190 ⁴

392 1271 655 1322 KAEOB
675 1273 982 1322 OTAOC.
1024 1274 1184 1320 APX
1202 1305 1333 1317 .....
1390 1272 2042 1322 ΤΙ-ΙΜΕΝΟΘΥΡΕΥΟῙΝ,

470 1342 632 1393 Ceres
661 1357 778 1393 cum
804 1337 1007 1391 facibus
1038 1382 1051 1404 ‚
1089 1356 1241 1391 curru
1269 1354 1527 1409 equorum
1561 1337 1869 1412 quadrijugo
1899 1339 2046 1391 vehi-

466 1429 581 1484 tur,
606 1418 658 1467 in
681 1432 900 1467 nummo
935 1413 1165 1468 Gallieni
1194 1431 1256 1466 ex
1277 1413 1460 1466 eadem
1484 1413 1650 1466 Gaza.
1667 1415 1725 1465 In
1747 1413 1941 1481 altem,
1959 1415 2044 1466 cui

466 1489 651 1543 eadem
684 1488 969 1563 epigraphe
1011 1489 1085 1542 est
1107 1532 1121 1556 ,
1149 1488 1453 1544 Valerianus
1495 1493 1549 1542 &
1594 1487 1863 1541 Gallienus
1902 1488 2043 1540 sacra

462 1580 726 1640 peragunt
751 1564 1002 1617 adaram:
1038 1563 1172 1616 stans
1203 1566 1256 1616 in
1284 1562 1460 1616 medio
1489 1564 1724 1619 vietoria
1758 1578 2046 1637 utrumque

463 1656 706 1694 coronat.

388 1722 432 1767 T
448 1725 496 1771 H
516 1727 573 1772 M
589 1728 624 1773 Ε
640 1730 683 1773 Ν
698 1729 743 1774 0
758 1725 858 1771 ΘΥ
875 1730 911 1773 Ρ
926 1729 961 1773 Ε
980 1727 1028 1773 Ω
1049 1728 1109 1771 Ν.
1134 1715 1309 1768 Diana
1335 1713 1750 1766 multimammia.
1784 1714 1862 1765 Ex
1890 1727 2040 1787 parte

462 1793 669 1858 aversa,
697 1801 799 1848 ΕΠ
821 1803 860 1847 Ι.
897 1804 969 1848 Μ.
1004 1799 1284 1847 ΤΥΛΛΙ.
1321 1788 1421 1845 Sub
1462 1798 1552 1844 M.
1588 1789 1771 1841 Tadio.
1804 1790 2039 1841 Praetore

460 1862 599 1931 urbis
635 1866 846 1918 scilicet.
884 1868 1090 1918 Cereris
1136 1879 1297 1937 caput
1327 1882 1444 1915 cum
1482 1864 1649 1936 spicis,
1696 1862 1783 1916 Est
1830 1863 2041 1917 Ciinelii

460 1942 632 2013 Regii.

377 2020 548 2073 ΘΗΛ.
592 2030 628 2073 Ρ
648 2028 846 2076 ΩΜΗ.
896 2018 973 2072 Ex
1002 2031 1150 2090 parte
1177 2011 1352 2067 aversa
1381 2057 1395 2079 ‚
1445 2023 1775 2072 NEIKOM
1796 2025 2036 2072 Axoc.

455 2104 768 2151 APXIEP.
815 2107 875 2150 A.
940 2105 1059 2151 TO.
1115 2102 1167 2146 Β.
1207 2103 1247 2146 Τ
1270 2099 2028 2149 ΗΜΕΝΟΘΥΡΕΥΕῙΝ.

455 2168 797 2222 Nicomachus
827 2166 1067 2236 Pontifex
1083 2172 1263 2237 primus
1302 2173 1475 2218 iterum
1509 2164 2032 2240 Temenothyrenfibus.

457 2243 498 2295 E
530 2243 758 2298 Cimelio
785 2249 977 2319 Regio,
1864 2275 1867 2278 ·

376 2329 656 2385 NIKOM
678 2332 917 2379 AXOC.
955 2331 1275 2379 APXIEP.
1311 2331 1371 2375 A.
1409 2330 1517 2377 TO.
1553 2329 1603 2373 B.
1645 2329 1750 2376 ΤΗ
1771 2330 2023 2375 ΜΕΝΟ-

450 2403 496 2447 Θ
513 2405 555 2450 Υ
570 2409 605 2451 Ρ
622 2409 658 2453 Ε
674 2406 770 2454 TC
789 2407 829 2451 Ι.
864 2399 935 2449 Ex
965 2410 1115 2470 parte
1139 2394 1329 2459 altera,
1360 2406 1457 2451 KT
1475 2407 1498 2450 Ι
1516 2407 1556 2453 C
1571 2406 1612 2448 T
1627 2406 1677 2450 H
1693 2405 1750 2451 C.
1779 2393 2030 2449 Conditor,

451 2470 700 2522 Herculis
738 2486 925 2543 caput,
950 2487 1107 2542 quem
1139 2469 1471 2520 conditorem
1501 2470 1638 2520 urbis
1666 2468 1761 2521 suae
1789 2470 1822 2519 ii
1846 2468 2031 2541 appel-

449 2540 575 2598 lant.
628 2544 919 2599 Herculem
950 2559 1094 2597 certe
1131 2546 1184 2596 in
1219 2560 1285 2596 eo
1315 2546 1481 2597 tracilu
1523 2543 1812 2617 aliquando
1850 2541 2029 2612 fuiss'e,

449 2621 630 2671 austor
658 2620 731 2672 est
758 2619 1030 2673 Pausanias
1048 2663 1061 2686 ‚
1093 2620 1197 2672 loc,
1223 2622 1314 2675 cit.

299 2701 665 2753 THMNOC.
700 2698 880 2768 Caput
917 2697 1174 2749 turritum.
1210 2695 1287 2747 Ex
1314 2707 1464 2768 parte
1495 2695 1700 2762 aversa,
1732 2706 2031 2754 ΤΗΜΝΕῙ-

447 2780 490 2824 Τ
509 2783 637 2828 ΩΝ.
673 2774 940 2838 Fortuna¹5
969 2788 1087 2822 cuni
1116 2786 1330 2823 temone
1360 2775 1414 2823 ὃ(
1452 2770 1636 2845 Copiae
1660 2788 1839 2827 cornu.
1863 2771 2028 2846 Apud

450 2847 699 2915 Sponium
721 2892 733 2910 „
765 2848 814 2896 in
845 2850 1020 2900 Itiner.
1045 2845 1244 2900 Athen.

366 2928 532 2976 ΕΠΙ.
595 2931 758 2979 CTP.
814 2933 1031 2983 ΦΛ....
1093 2933 1626 2981 ΤΗΜΝΕῘΤΩΝ.
1667 2919 1766 2979 Sub
1802 2929 2020 2976 Praetore

437 2994 658 3051 Flavio,
681 3040 718 3052 ..
739 3040 749 3052 .
768 2999 940 3070 ,μῆρε
965 3000 1226 3065 Domnae,
1257 2999 1395 3071 apud
1412 2997 1713 3050 Tristanum
1733 3041 1746 3064 ‚
1772 3015 1887 3071 pag.
1911 3015 2016 3065 137.

438 3085 558 3124 cum
589 3071 836 3126 Herculis
865 3076 919 3126 in
936 3090 1062 3148 rupe
1082 3072 1303 3145 jacentis
1332 3071 1525 3147 effigie,
1548 3086 1605 3125 ut
1622 3090 1747 3125 mox
1765 3072 2013 3125 dicemus,
