2228 3428
276 210 309 269 9
422 276 694 317 nummum
726 262 797 311 ita
828 259 983 334 legit,
1022 262 1198 316 COL.
1240 262 1382 315 IVL.
1420 263 1605 316 AVG.
1640 263 1790 318 PEL.
1835 264 2001 322 BER.

424 345 478 397 ὅ(
512 338 752 407 graviore
785 338 980 388 rursum
1008 354 1182 389 errore
1210 381 1224 405 ,
1274 354 1391 410 pag.
1422 356 1547 406 431.
1590 339 1638 390 C
1657 341 1784 393 OL.
1828 342 1914 392 IV
1937 342 2003 398 L.

424 413 473 463 A
494 414 540 464 V
559 411 632 465 G.
677 413 713 464 P
734 412 771 463 E
788 411 831 463 L
849 413 892 465 L
909 413 970 468 A.
995 414 1171 485 Quem
1195 429 1426 464 errorem
1456 412 1578 462 dum
1602 411 1768 463 hausit
1786 414 1852 465 ab
1879 418 1995 468 Oc-

424 502 560 536 cone
588 486 848 558 Scaliger,
880 488 1237 544 Animadvers.
1272 484 1453 540 Euseb.
1496 503 1613 558 pag.
1646 506 1744 559 ¹95·
1774 505 1863 539 cur
1901 491 1999 541 Be-

423 575 566 631 rytus
617 559 843 614 Colonia
872 560 1018 615 Pella
1058 561 1289 627 dicatur,
1321 564 1394 611 ait
1434 560 1533 612 effe
1574 559 1665 612 fibi
1701 580 1998 635 incomper-

425 650 550 688 tum.
606 638 680 688 At
730 638 766 687 F
790 640 824 691 E
846 638 905 690 L.
944 637 1050 688 hoc
1087 637 1159 690 est
1181 680 1195 704 ‚
1227 639 1263 689 F
1283 636 1322 688 E
1344 638 1387 689 L
1409 639 1520 693 IX.
1551 654 1660 688 non
1694 638 1731 690 P
1755 637 1870 690 ΕΙ..
1915 637 2001 691 seu

428 711 465 763 P
487 715 521 765 E
542 712 584 762 L
602 712 644 762 L
664 711 709 762 A
729 755 742 777 ,
783 710 883 784 legi
918 715 1166 782 oportuit.

272 795 309 845 Β
327 799 376 845 H
393 798 433 855 T
449 799 497 842 H
515 799 548 841 P
567 799 601 840 P
618 800 660 849 A
676 798 716 840 T
734 797 784 842 Ω
802 799 863 842 Ν.
926 789 1193 841 Nummus
1244 787 1508 861 singularis
1553 804 1581 838 e
1632 785 1861 839 Cimelio
1917 785 1999 847 Ill„
2054 841 2057 842 ⁷

425 861 655 916 Harlaei:
682 879 838 932 quem
861 854 1131 913 nummum
1158 880 1332 935 neque
1361 862 1425 914 acl
1450 863 1997 919 BAETARRENOS

426 938 591 1000 tertiae
621 935 899 989 Palaestinae
921 979 936 1003 ,
969 953 1141 1008 neque
1173 939 1238 989 ad
1267 940 1515 990 Baeterras
1560 935 1743 990 Galliae
1782 935 2004 991 Narbo-

425 1009 594 1061 nensis
627 1011 879 1084 oppidum
919 1055 933 1077 ,
973 1026 1032 1061 ut
1061 1010 1217 1064 visum
1255 1011 1463 1075 erudito
1503 1014 1614 1062 viro
1638 1054 1651 1078 ‚
1690 1010 1778 1064 lib.
1816 1013 1880 1062 de
1913 1009 2003 1062 usu

426 1085 688 1139 Numism.
720 1103 837 1158 pag.
880 1107 1011 1157 904.
1047 1084 1132 1137 sed
1161 1088 1227 1140 acl
1255 1088 1556 1139 Betarronis
1590 1088 1765 1158 potius
1791 1086 2003 1141 Phoeni..

427 1162 515 1212 ciae
547 1160 685 1211 urbis
715 1164 980 1212 maritimae
1023 1162 1221 1213 incolas
1242 1204 1255 1223 ‚
1290 1180 1405 1233 quae
1448 1163 1582 1213 inter
1616 1160 1916 1233 Diospolin]
1948 1166 2002 1212 δε

427 1235 711 1286 Cael'aream
744 1238 998 1287 Stratonis
1033 1235 1100 1285 ab
1134 1238 1412 1288 Antonino
1446 1234 1738 1286 collocatur
1767 1278 1780 1299 ,
1826 1232 2006 1286 referri

427 1307 710 1359 censuerim
730 1324 994 1380 oportere.
1020 1312 1164 1362 Nam
1188 1311 1388 1362 Graecis
1410 1307 1635 1363 vocibus
1651 1307 1763 1358 usos
1786 1311 1837 1359 in
1859 1327 2006 1360 num..

424 1385 519 1432 mis
551 1384 842 1435 Provinciae
865 1383 1229 1436 Narbonensis
1259 1387 1427 1451 civeS‚
1465 1399 1648 1456 praeter
1672 1382 2004 1438 Mziffilienles

425 1456 820 1510 Phocaeenfium
854 1456 1073 1508 colonos
1101 1501 1114 1523 ‚
1152 1459 1473 1530 Antipolitas
1512 1454 1741 1526 ejusdem
1785 1476 1885 1509 orae
1926 1463 2006 1510 in..

426 1530 598 1598 colaS,
623 1534 707 1583 vix
737 1531 931 1583 adduci
954 1530 1161 1604 possum
1190 1547 1247 1583 -ut
1275 1533 1484 1584 credam
1505 1575 1518 1599 ‚
1549 1549 1666 1582 cum
1707 1533 1895 1584 Latine
1923 1535 2000 1584 in-

424 1603 599 1677 scripti
634 1608 685 1656 in
717 1624 780 1659 eo
812 1608 975 1658 tractu
1006 1609 1204 1658 nummi
1236 1622 1518 1658 occurrant
1546 1650 1560 1671 ,
1607 1610 1647 1656 Α
1672 1611 1718 1658 V
1740 1609 1773 1659 E
1794 1611 1850 1662 N
1872 1610 1893 1660 I
1914 1610 1967 1662 O
1990 1652 2006 1676 ‚

428 1682 822 1747 VOLCAE,
870 1683 1356 1737 NEMAVSVS
1382 1726 1396 1749 ,
1441 1682 1858 1747 CABELLIO,
1896 1688 1995 1747 &q

277 1765 664 1822 ΒΙΑΤΕΩΝ.
699 1759 993 1810 Nummum
1028 1756 1095 1807 fic
1130 1753 1426 1829 inscriptum
1467 1757 1642 1809 videre
1684 1757 1838 1808 nobis
1882 1755 2000 1809 fitne

430 1851 538 1884 non
564 1833 739 1884 licuit:
762 1829 846 1882 sed
877 1830 1075 1882 exstare
1104 1846 1280 1883 tamen
1306 1832 1592 1887 retulerunt
1622 1831 1686 1881 acl
1708 1850 1804 1882 nos
1838 1834 1930 1883 viri
1954 1834 2006 1884 in

428 1923 485 1970 re
521 1908 809 1958 nummaria
836 1907 1040 1960 eruditi.
1104 1908 1224 1958 Fuit
1254 1921 1428 1957 autem
1469 1908 1520 1956 in
1569 1902 1851 1971 Meffenia,
1889 1925 2008 1975 quae

430 1998 550 2053 pars
578 1980 792 2033 Achai'ae
815 2025 828 2048 ‚
859 1987 960 2043 Βίας
992 1982 1157 2034 amnis
1174 2024 1186 2045 ,
1205 1980 1333 2031 teste
1359 1978 1634 2047 Pausania,
1660 1979 1745 2031 lib.
1768 2002 1785 2034 1
1806 2000 1854 2032 v.
1871 1980 2007 2034 Mes-

428 2057 580 2109 senic.
614 2073 732 2129 pag.
759 2077 881 2126 144.
917 2058 1075 2109 Amni
1102 2057 1473 2127 cognominem
1504 2057 1766 2107 civitatem
1801 2055 2008 2128 appoli-

430 2145 538 2182 tam
570 2148 632 2183 ex
660 2148 879 2181 nummo
911 2147 974 2181 eo
1011 2129 1278 2203 singulari,
1316 2129 1351 2180 fi
1385 2132 1641 2203 genuinus
1670 2133 1884 2201 quidem
1911 2131 2004 2199 est,

429 2206 793 2259 admonemur.
825 2203 980 2258 Nihil
999 2207 1134 2256 enim
1162 2205 1266 2256 huc
1290 2207 1476 2255 attinet
1499 2206 1665 2258 Βιανήα,
1698 2203 2007 2274 Hispanica,

429 2281 498 2329 de
529 2297 631 2350 qua
658 2279 1004 2342 Ptolemaeus,
1026 2277 1114 2329 lib.
1149 2298 1166 2329 1
1193 2298 1236 2330 1.
1273 2293 1384 2347 cap.
1417 2296 1448 2328 v
1468 2296 1501 2328 i.
1525 2280 1577 2327 in
1613 2278 1885 2330 Oretanis:
1918 2296 2010 2329 cu..

422 2352 505 2424 jus
532 2351 716 2425 oppidi
747 2354 882 2416 cives
921 2350 1201 2425 Viatienses
1235 2367 1263 2400 a
1296 2350 1468 2403 Plinio
1508 2350 1841 2425 appellantur
1871 2396 1885 2419 ,
1913 2350 2009 2407 lib.

444 2448 462 2480 1
490 2449 506 2481 1
535 2449 579 2483 ῐ.
601 2425 716 2479 sect.
740 2447 755 2478 1
774 2444 821 2479 v.
854 2443 994 2480 num.
1019 2446 1123 2479 111.
1153 2428 1299 2479 Nam
1330 2427 1443 2497 quis
1476 2428 1527 2476 in
1559 2427 2007 2479 Tarraconensem

434 2503 743 2576 Hispaniam
781 2501 993 2554 Graecas
1022 2501 1215 2552 litteras
1245 2496 1534 2573 penetrasse
1574 2501 1888 2552 comminisci
1915 2519 2006 2553 au-

433 2575 498 2627 fit
515 2621 528 2643 ,
559 2576 837 2650 praesertim
867 2593 983 2627 cum
1011 2577 1197 2629 Latine
1221 2574 1448 2647 inscripti
1473 2577 1524 2627 in
1542 2593 1605 2628 eo
1631 2578 1791 2628 tractu
1811 2578 2010 2627 nummi

431 2649 530 2702 fint
562 2653 721 2703 ceteri
753 2667 936 2702 omnes
954 2694 967 2718 ,
1006 2653 1045 2704 B
1064 2653 1111 2703 A
1131 2654 1178 2704 R
1197 2650 1245 2702 G
1274 2652 1292 2702 1
1312 2651 1358 2702 A
1380 2651 1425 2702 C
1448 2652 1516 2703 18
1547 2695 1560 2717 ,
1605 2651 1971 2707 BARCINO
1989 2695 2005 2718 ,

434 2726 974 2792 BISGARGIS,
1005 2732 1105 2779 &c.
1138 2728 1200 2778 In
1226 2727 1449 2791 Baetica,
1483 2726 1834 2791 ASTIGI,
1865 2731 1907 2782 A
1934 2732 2008 2782 C..

434 2801 485 2853 C
512 2804 532 2853 Ι
557 2805 586 2855 S
613 2846 627 2867 ,
686 2807 723 2856 B
747 2803 792 2852 A
816 2801 921 2855 RB
946 2802 1231 2855 ESVLA
1256 2844 1270 2867 ‚
1324 2800 1557 2871 aliique:
1609 2803 1659 2851 in
1707 2798 2002 2867 Lufitania,

436 2874 887 2931 BVRDOVA
925 2877 1149 2930 MVN.
1178 2881 1277 2928 &a
1310 2874 1449 2949 Qid
1471 2875 1615 2947 quod
1645 2880 1698 2929 ἃ
1723 2886 2006 2941 BICAA-

435 2962 526 3007 TE
545 2964 594 3010 Ω
615 2967 660 3008 Ν
697 2953 747 3002 in
770 2967 834 3002 eo
859 2968 1077 3001 nummo
1107 2950 1211 3023 legi
1237 2949 1391 3002 satius
1418 2948 1562 3003 forte
1591 2948 1748 3003 fuerit
1768 2965 1782 3004 ἓ
1802 2950 1867 3002 de
1891 2953 2005 3025 quie

432 3024 526 3096 bus
557 3029 786 3097 dicemus
820 3022 1046 3096 inferia&
