2228 3428
279 179 412 256 506
757 168 1131 225 NUMMI
1193 169 1674 247 ANTIQUI

445 245 623 318 Tyrii,
653 242 993 313 Sidoniique,
1028 248 1083 295 &
1108 244 1291 296 Aradii
1320 245 1669 313 obtinerent,
1697 246 1764 300 ab
1797 251 1854 302 iis
1888 251 2035 305 cufus

439 320 529 372 hic
560 335 802 370 nummus
829 317 933 384 est,
957 318 1146 390 quibus
1173 318 1370 394 obtigit
1394 324 1738 392 praerogativa
1762 328 2029 396 primatus.

442 395 734 447 Antonium
767 410 928 466 porro
961 397 1012 444 in
1053 396 1194 466 Syria
1224 395 1426 446 summo
1472 413 1588 445 cum
1629 398 1852 469 imperio
1880 401 2029 455 fuifl‘e

439 472 611 519 notius
638 469 711 520 est
733 512 745 534 ,
775 485 933 540 quam
969 484 1028 519 ut
1071 472 1277 521 moneri
1320 467 1511 522 debeat
1548 470 1740 523 Leotor
1775 475 2019 533 eruditus.

437 544 638 610 Plinio,
675 541 761 597 lib.
799 563 846 597 v.
881 543 996 597 sedi.
1045 563 1158 599 xvi
1183 568 1217 600 1.
1262 542 1475 616 Tripolis
1500 586 1516 608 ,
1548 565 1704 618 quam
1741 554 1886 623 Tyrii
1913 590 1930 615 ,
1966 551 2026 614 ὦ·

437 618 629 671 sidona
647 665 660 685 ,
683 615 742 680 0²0
765 619 964 672 Aradii·
993 619 1226 677 obtinent.

362 710 403 754 T
424 707 496 751 ΡΙ
518 705 561 750 Π
579 710 624 754 O
644 706 739 753 ΛΕ
763 708 842 752 ΙΤ
861 708 911 752 Ω
930 710 990 753 N.
1016 698 1287 749 Nummus
1310 698 1534 771 Augusti
1560 743 1573 766 ,
1603 714 1632 750 e
1657 699 1886 752 Cimelio
1916 704 2027 757 Re..

432 774 550 844 gio,
576 779 627 824 ἃ
647 771 787 843 apud
822 774 1062 825 Patinum
1082 817 1096 840 ,
1124 791 1242 848 pag.
1276 793 1372 843 44.
1399 791 1519 827 cum
1560 775 1822 849 Apollinis
1856 793 1918 829 ac
1954 781 2026 830 ci-

433 846 596 898 tharae
629 847 816 920 effigie.

358 936 448 980 ΤΡ
470 936 489 978 Ι
509 933 558 979 Π
575 938 620 982 O
640 935 685 981 A
702 937 738 982 Ε
758 935 777 979 Ι
796 938 836 982 Τ
859 935 909 982 Ω
928 937 988 982 Ν.
1022 926 1287 978 Nummus
1310 927 1543 979 Neronis
1568 951 1577 980 :
1598 933 1648 983 &
1666 926 1797 979 alter
1820 929 1899 981 M.
1923 927 2029 980 Au.

431 1000 569 1064 rein,
588 1000 728 1072 apud
749 1002 914 1052 Patin.
944 1017 1059 1072 pag.
1088 1021 1216 1072 244.
1250 1003 1301 1052 in
1332 1002 1520 1073 quibus
1546 1003 1734 1055 Castor
1761 1008 1813 1057 δὲ
1832 1002 2025 1057 Pollux

433 1073 704 1145 insculpti,
734 1076 862 1125 utin
892 1073 1309 1129 Ascalonitarum
1346 1080 1584 1131 nummis.

360 1163 402 1210 T
420 1162 493 1207 ΡΙ
516 1160 564 1206 ΓΙ
582 1165 628 1209 O
648 1162 688 1207 A
706 1163 743 1208 E
762 1162 781 1206 Ι
801 1165 841 1209 Τ
858 1164 907 1210 Ω
930 1165 974 1207 Ν
1031 1151 1245 1223 Trajani
1288 1170 1529 1203 nummus
1573 1153 1710 1224 apud
1749 1154 1990 1206 Patinum
2007 1199 2023 1223 ‚

433 1245 554 1301 pag.
588 1233 689 1294 187.
722 1245 837 1278 cun
855 1228 1037 1279 eadum
1062 1227 1339 1279 Castorum
1358 1226 1548 1301 effigie.
1580 1230 1652 1282 Ex
1672 1243 1819 1302 parte
1833 1229 2026 1298 aversa,

434 1317 478 1359 A
497 1317 531 1359 Ρ
549 1317 589 1358 A
609 1315 657 1360 Δ
677 1316 697 1359 Ι
721 1314 770 1360 Ω
788 1316 848 1359 N.
912 1306 1040 1380 Qo
1095 1320 1314 1355 nummo
1355 1303 1529 1356 foedus
1570 1302 1833 1377 utriusque
1857 1309 2030 1379 gentis

432 1379 762 1451 intelligitur.

357 1468 402 1514 ff
422 1469 457 1512 P
478 1468 517 1511 Α
536 1468 558 1511 Ι
581 1469 618 1510 Α
638 1469 742 1513 ΝΟ
761 1467 816 1512 C.
862 1465 979 1510 ΑΥ.
1025 1465 1068 1512 Κ
1088 1468 1127 1510 Α
1148 1467 1171 1511 Ι
1192 1466 1248 1512 C.
1293 1454 1453 1528 Apud
1487 1454 1711 1507 eundem
1739 1502 1752 1520 ,
1791 1474 1909 1528 pag.
1936 1458 2025 1511 cit.

437 1531 671 1604 Τρριῒοωὸς
691 1530 1003 1603 Αὐτυκροῖτωρ
1026 1537 1228 1602 Kofqu.
1254 1532 1328 1582 EX
1352 1546 1496 1605 parte
1513 1527 1682 1582 aversa
1699 1577 1712 1597 ‚
1739 1543 2023 1592 ΤΡῙΠΟΛ,

441 1626 558 1658 cum
588 1607 796 1680 galeato
829 1610 1000 1679 capite
1028 1651 1041 1673 ‚
1081 1623 1137 1657 ut
1173 1612 1225 1657 in
1264 1609 1485 1656 nummis
1528 1618 1567 1664 Γ
1587 1620 1628 1661 Α
1648 1618 1697 1663 Δ
1714 1622 1856 1666 ΑΡΕ
1879 1621 1928 1665 Ω
1949 1622 2026 1676 N,

443 1699 561 1754 pag.
587 1703 694 1752 229.
719 1681 907 1732 eodem
942 1683 1126 1735 trastu.

362 1771 403 1817 T
423 1768 464 1813 Υ
484 1770 528 1814 Χ
547 1771 612 1816 H.
673 1773 713 1817 T
732 1768 805 1813 ΡΙ
826 1768 874 1813 Π
894 1770 939 1814 O
960 1766 1005 1813 A
1026 1769 1059 1813 Ε
1080 1769 1100 1812 Ι
1120 1772 1160 1815 Τ
1180 1769 1229 1814 Ω
1250 1769 1307 1813 N.
1369 1756 1628 1808 Hadriani
1675 1776 1916 1810 nummus
1946 1803 1959 1825 ,
1999 1775 2029 1812 e

442 1834 593 1887 Gaza
622 1836 786 1906 Regia
809 1877 822 1899 ,
859 1835 909 1884 in
943 1851 1050 1903 quo
1083 1833 1202 1884 bina
1235 1830 1466 1884 Castoris
1500 1838 1551 1885 &
1582 1832 1812 1884 Pollucis
1835 1838 2024 1907 capita:

439 1909 572 1960 alter
596 1911 648 1959 in
675 1927 781 1980 quo
810 1907 996 1958 mulier
1021 1911 1203 1959 turrita
1228 1905 1342 1959 stat.
1391 1908 1475 1958 Sic
1514 1909 1567 1956 in
1592 1925 1810 1958 nummo
1839 1911 2026 1960 trachis

438 1982 662 2055 ejusdem
687 2028 701 2051 ,
733 1993 956 2042 TTXH
994 1997 1030 2041 Φ
1053 1993 1195 2040 ΙΛΑ
1219 1992 1616 2044 ΔΕΛΦΕΩΝ
1657 1989 1824 2042 Κοίλης
1854 1985 2027 2048 Συρίοις

438 2058 659 2133 legimus
682 2104 696 2125 ,
721 2065 773 2112 ἃ,
811 2070 1038 2118 ΤΥΧΗ
1080 2076 1119 2115 A
1142 2069 1475 2116 ΔΡΑΜΑΙ
1501 2071 1635 2116 ΩΝ.

363 2150 405 2197 T
424 2148 496 2193 ΡΙ
519 2146 567 2193 Π
585 2149 630 2194 O
648 2146 694 2193 A
712 2149 748 2194 E
768 2148 787 2191 Ι
804 2150 844 2194 Τ
863 2147 913 2193 Ω
935 2149 998 2192 Ν.
1049 2138 1223 2189 Severi
1275 2152 1516 2185 nummus
1557 2179 1571 2202 ,
1615 2132 1753 2209 apud
1797 2135 2026 2191 Tristan.

442 2228 573 2266 tom.
608 2234 623 2266 1
654 2234 695 2267 1.
730 2229 848 2286 pag.
873 2232 984 2267 100.
1014 2228 1130 2263 cum
1158 2210 1547 2286 palmaeicone‚
1574 2210 1722 2284 quod
1747 2213 2028 2265 Phoenices

442 2288 754 2360 symbolum.
1573 2319 1576 2321 .

362 2377 403 2422 T
422 2377 492 2421 ΡΙ
510 2375 559 2420 Π
579 2378 624 2422 O
647 2372 690 2419 Α
708 2377 740 2420 Ε
759 2375 781 2419 Ι
800 2377 840 2421 Τ
862 2375 912 2421 Ω
933 2376 998 2420 Ν.
1036 2360 1303 2434 Elagabali
1330 2366 1575 2414 nummus
1594 2406 1607 2429 ,
1635 2377 1746 2413 tum
1781 2378 1810 2413 e
1843 2361 2024 2414 Cime-

436 2439 511 2492 lio
540 2442 712 2513 Regio
732 2484 746 2506 ,
778 2454 888 2490 tum
920 2456 947 2490 e
976 2433 1160 2491 Museo
1195 2435 1400 2489 nostro:
1439 2437 1604 2507 Cujus
1634 2439 1685 2488 in
1717 2439 1816 2488 ima
1845 2453 2024 2508 parte,

437 2512 626 2567 litterae
651 2530 811 2567 ternae
845 2511 1112 2586 insculptae
1137 2524 1181 2566 A
1200 2520 1247 2567 A
1265 2526 1318 2571 Φ.
1346 2529 1472 2582 quas
1504 2511 1716 2583 quidem
1735 2512 1930 2563 litteras
1948 2515 2027 2563 in-

441 2587 607 2642 versas
640 2603 792 2663 putat
825 2589 902 2638 vir
929 2590 1283 2661 pereruditus,
1309 2585 1395 2638 lib.
1433 2587 1498 2638 de
1521 2586 1609 2638 usu
1637 2586 1872 2640 numism.
1904 2606 2024 2661 pag.

443 2669 528 2735 69.
564 2682 659 2738 pro
697 2680 734 2726 Φ
756 2675 803 2723 Λ
825 2677 879 2719 Α.
905 2663 1008 2717 hoc
1037 2662 1110 2715 est
1130 2708 1143 2729 ‚
1176 2662 1429 2722 Φλοιεῖἔων
1454 2686 1465 2715 :
1501 2661 1642 2713 unde
1671 2661 1792 2715 huic
1826 2665 2027 2714 civitati

440 2739 631 2796 Flaviae
658 2756 961 2814 praenomen
985 2737 1286 2811 adjunfihim
1319 2737 1543 2811 intelligi
1572 2738 1687 2790 vult
1716 2781 1730 2805 ,
1766 2737 2025 2810 quemad-

440 2816 659 2868 modum
694 2822 746 2870 &
773 2815 881 2867 aliis
911 2813 1121 2886 hujusce
1156 2816 1344 2867 traditis
1370 2814 1576 2887 oppidis
1601 2857 1615 2879 ,
1652 2814 1898 2866 Caesareae
1926 2815 2025 2867 Pa-

438 2891 683 2958 laestfflae,
715 2891 956 2966 Neapoli
989 2890 1258 2956 Samariae,
1293 2888 1603 2954 Samosati3‚
1628 2888 1890 2945 Chalcidi.
1922 2884 2024 2942 Sed

437 2966 652 3021 frustra:
678 2984 874 3019 annum
904 2969 1042 3017 enim
1079 2983 1151 3018 εκ
1177 2963 1362 3018 litterae
1394 2982 1506 3017 aerae
1537 2964 1916 3018 Seleucidarum
1944 2965 2021 3012 in-

445 3040 651 3110 dicant,
669 3062 706 3099 D
722 3060 760 3097 x
776 3062 814 3099 x
832 3062 870 3106 x
888 3063 924 3096 1.
946 3039 1222 3116 Elagabali
1241 3042 1450 3095 tertium
1468 3083 1482 3108 ‚
1506 3055 1563 3093 ut
1581 3041 1635 3094 in
1655 3040 1877 3097 nummis
1892 3038 2021 3092 Ara-
