2228 3428
668 194 1370 252 ILLUSTRATI.
1841 199 1916 271 ες

342 268 626 328 Ε’Ᾰλῖωικοδ
644 271 989 339 ωερεφᾳκότων.
1015 272 1163 341 Qod
1182 278 1337 324 Graeci
1347 286 1437 339 per
1452 269 1661 325 Achaeos
1675 310 1692 335 ,
1714 277 1799 345 qui
1816 287 1919 327 tum

342 352 540 395 Graeciae
565 351 801 413 principes
833 359 1007 405 erant,
1023 344 1224 414 subctfz‘i
1238 345 1374 417 sunt.

189 424 540 478 ΑΧΑΙΩΝ.
580 431 1056 478 ΕΥΜΕΝΕΩΝ.
1094 421 1233 471 Vide
1264 431 1736 482 ETMENEQN.

261 505 695 552 OCTIAIOC
733 502 1273 551 MAPKEAAOC.
1314 509 1376 552 O.
1410 507 1717 555 IEPETC.
1758 511 1911 559 ΤΟΥ.

335 582 540 628 ANTI
563 579 802 626 ΝΟΟΥ.
865 579 1082 625 TOIC.
1145 579 1249 623 AX
1271 582 1308 623 A
1330 581 1456 626 101
1482 583 1537 627 C.
1578 580 1909 635 ΑΝΕΘΗΚΕ.

336 644 592 714 Hostilius
618 643 902 698 Marcellus
933 643 1166 697 Sacerdos
1206 647 1453 706 Antinoi,
1487 644 1688 698 Achaeis
1714 651 1913 722 posuit,

335 722 554 773 statuam
574 718 773 772 scilicet
802 720 1052 784 Antinoi,
1079 717 1221 789 cujus
1249 721 1286 769 is
1312 718 1524 772 Flamen
1556 719 1684 787 fuit,
1708 719 1909 776 colum-

333 811 551 861 namve,
582 795 634 845 in
673 793 780 865 ejus
818 796 952 847 Divi
986 793 1275 859 honorem,
1314 799 1366 846 δε
1397 794 1467 845 ob
1501 795 1761 849 Hadriani
1797 817 1913 871 gra..

330 870 452 920 tiam
470 913 483 936 ‚
509 871 591 920 cui
620 869 882 922 Antinous
910 871 961 920 in
990 868 1186 920 deliciis
1216 866 1348 934 fuit,
1374 873 1796 941 promerendam.
1831 876 1914 926 Sic

328 943 379 993 in
409 947 788 1015 Smyrnaeorum
832 947 1057 994 nummis
1088 987 1102 1009 ,
1139 956 1181 998 A
1200 957 1246 1000 N
1266 955 1307 998 Τ
1324 956 1345 999 Ι
1360 958 1404 1000 Ν
1423 958 1468 1001 O
1486 959 1531 1002 Ο
1548 958 1604 1001 C,
1659 960 1707 1002 H
1727 962 1761 1003 p
1782 960 1830 1005 Ω
1851 962 1907 1006 (3,

333 1028 784 1077 ΠΟΛΕΜΩΝ.
847 1028 1270 1077 ΑΝΕΘΙ-ΙΚΕ,
1331 1032 1905 1080 CMTPNAIOIC.

330 1095 468 1148 Vide
497 1104 1054 1160 ΣΜΥΡΝΑΙΩΝ,
1117 1100 1170 1148 ὃ(
1232 1106 1455 1152 KAAX
1478 1110 1516 1151 A
1540 1109 1751 1155 AONI
1777 1111 1905 1157 ΩΝ.

332 1169 552 1222 Antinoi
585 1172 669 1222 hic
704 1188 946 1222 nummus
977 1168 1051 1221 est
1075 1169 1215 1242 apud
1260 1172 1540 1224 Oeconem
1560 1216 1573 1238 ,
1601 1191 1720 1246 pag.
1769 1197 1904 1246 245.

331 1261 486 1315 quem
519 1264 791 1298 nummum
817 1246 882 1296 ad
919 1245 1144 1297 Achaeos
1178 1245 1391 1316 Lydiae,
1431 1246 1497 1297 de
1541 1250 1727 1317 quibus
1764 1248 1904 1301 dice„

326 1335 440 1370 mus
464 1322 514 1370 in
536 1324 758 1372 nummis
787 1333 823 1377 Ε
840 1331 1111 1377 ΥΜΕΝΕ
1127 1332 1176 1378 Ω
1195 1334 1240 1377 Ν
1269 1316 1496 1391 speeiare
1528 1324 1724 1393 potius,
1748 1341 1905 1394 quam

322 1393 392 1444 ad
425 1394 652 1447 Achaeos
697 1398 916 1452 Graeciae
937 1439 951 1459 ‚
981 1396 1137 1445 ausim
1170 1395 1408 1466 praestare
1433 1438 1447 1459 ,
1481 1396 1629 1464 quod
1670 1414 1782 1446 mos
1819 1398 1907 1451 ille

324 1467 574 1539 frequens
591 1471 643 1519 in
669 1470 897 1520 nummis
925 1468 1059 1519 illius
1085 1470 1274 1520 trastus
1305 1482 1550 1518 occurrat
1569 1510 1582 1532 ‚
1601 1469 1907 1522 Calchedo-

323 1541 591 1610 nenfium,
622 1542 1056 1610 Laodicensium,
1093 1545 1496 1616 Smyrnaeorum.
1542 1544 1705 1618 Qod
1738 1542 1773 1595 fi
1795 1548 1908 1615 quis

321 1615 658 1670 nihilominus
689 1619 753 1669 ad
787 1616 1011 1671 Achaeos
1042 1618 1286 1671 Helladis
1323 1617 1503 1668 referri
1547 1618 1693 1668 malit
1715 1662 1728 1685 ,
1764 1618 1908 1672 haud

321 1695 660 1764 pertinaciter
689 1691 805 1745 sane
832 1693 1153 1744 contendam
1171 1736 1184 1758 ‚
1211 1691 1359 1764 quod
1378 1691 1469 1763 ipfi
1493 1691 1776 1744 Hadriano
1801 1697 1902 1746 sta„

324 1779 437 1818 tuas
463 1767 653 1841 pofitas
684 1784 714 1819 a
737 1769 1027 1820 Communi
1053 1767 1269 1820 Achaiae
1302 1765 1570 1819 Pausanias
1610 1782 1823 1835 monet,
1853 1771 1907 1820 in

321 1841 480 1894 Eliac.
517 1844 677 1914 prior.
709 1856 826 1916 pag.
868 1863 968 1916 159.
1004 1843 1299 1916 Βασιλέωνό
1333 1841 1632 1911 οἷνδξοιοίνπις,
1667 1842 1911 1913 'Adptmod'

322 1916 377 1984 i?
398 1919 444 1982 αἶ
475 1919 517 1974 ἐς
548 1918 603 1974 'rox
622 1919 845 1993 Ἀχαιϊκὸν
872 1918 1089 1976 ‘tehersem
1121 1919 1276 1976 ’πόλεις
1316 1917 1517 1984 dviffemv
1553 1923 1750 1990 Παφίου
1778 1922 1904 1977 λίθου

323 1996 428 2044 δίε.
461 1994 676 2044 Patinus
701 1999 752 2043 in
776 1991 925 2043 simili
945 2011 1164 2044 nummo
1182 2037 1196 2059 ,
1233 2010 1389 2064 quem
1408 1989 1568 2044 affert
1595 1996 1643 2042 in
1664 1995 1901 2046 Thesau-

322 2083 381 2115 ro
405 2065 667 2118 Numism.
693 2084 811 2137 pag.
836 2075 936 2137 165.
971 2083 1247 2138 perperam
1276 2062 1404 2138 legit
1430 2082 1477 2124 O
1495 2078 1588 2122 ΚΤ
1606 2080 1628 2121 1
1643 2079 1687 2123 A
1706 2080 1727 2122 Ι
1743 2083 1789 2126 0
1805 2080 1862 2125 C,

168 2139 215 2196 Α
233 2150 278 2197 Χ
293 2151 330 2197 Ε
346 2153 379 2195 P
398 2153 444 2197 O
464 2153 509 2197 N
525 2153 622 2196 TA
642 2153 703 2196 N.
740 2142 1053 2193 Nummuse
1069 2138 1339 2192 Thesauro
1362 2141 1566 2192 Goltzii
1592 2185 1605 2208 ,
1637 2159 1753 2214 pag.
1779 2148 1897 2198 206.

320 2217 445 2265 &in
465 2215 666 2285 Magna
697 2214 905 2265 Graecia
922 2257 937 2280 ‚
966 2211 1104 2266 Tab.
1135 2233 1167 2265 x
1184 2232 1217 2264 x
1236 2233 1281 2266 v.
1301 2231 1415 2264 cum
1434 2217 1654 2286 Junonis
1677 2216 1896 2287 Sispitae,

316 2286 423 2338 hoc
450 2286 524 2338 est
546 2329 560 2352 ,
594 2287 896 2338 Servatricis
930 2285 1101 2358 effigie
1127 2330 1141 2350 ‚
1187 2303 1451 2358 capraque
1477 2291 1522 2338 ei
1565 2292 1699 2341 Deae
1737 2290 1894 2345 sacra.

319 2354 452 2416 Sunt
493 2364 628 2414 &in
666 2357 854 2432 quibus
896 2361 1083 2415 Nicias
1126 2377 1189 2412 ex
1217 2377 1356 2432 equo
1391 2361 1592 2414 hostem
1628 2361 1893 2432 jacentem

313 2437 528 2493 „conficit
550 2480 564 2503 ,
600 2454 718 2488 cum
753 2434 1040 2508 epigraphe
1071 2447 1153 2492 NI
1171 2447 1212 2492 K
1232 2447 1253 2490 Ι
1272 2449 1311 2491 Α
1330 2444 1375 2496 Σ
1399 2461 1408 2488 :
1453 2454 1608 2508 quem
1642 2453 1758 2488 eum
1789 2438 1893 2493 effe

310 2511 651 2577 arbitramur,
678 2511 819 2581 cujus
839 2511 999 2561 vitam
1030 2511 1342 2563 Plutarchus
1375 2516 1425 2564 ὃ(
1442 2529 1521 2562 res
1542 2511 1786 2584 praeclare
1801 2532 1892 2587 ge-

313 2584 411 2638 stas
431 2582 750 2659 conscripsit.
776 2584 975 2651 Plinio,
1007 2584 1098 2638 lib.
1121 2606 1139 2639 1
1162 2607 1180 2639 1
1203 2585 1371 2639 [Γρᾶ.
1394 2603 1445 2641 X.
1471 2589 1523 2636 in
1556 2588 1767 2659 regione
1786 2602 1890 2640 ter-

311 2661 380 2710 tia
419 2661 615 2727 Italiae,
651 2667 705 2714 ὅ(
735 2677 865 2732 agro
897 2661 1080 2710 Brutio
1112 2685 1122 2714 :
1165 2659 1376 2714 Flavius
1409 2659 1633 2716 Acheron
1667 2700 1685 2722 ,
1725 2681 1759 2711 a
1790 2682 1885 2734 quo

313 2737 549 2802 oppidani
581 2733 913 2789 Acherontini.
962 2734 1173 2786 Excidit
1205 2737 1360 2808 plane
1388 2737 1439 2789 id
1469 2737 1724 2810 oppidum
1750 2761 1760 2789 :
1792 2753 1889 2789 ne.'

313 2825 421 2878 que
444 2811 517 2862 est
541 2816 756 2880 Cirenza
775 2849 791 2870 ,
820 2823 877 2858 ut
898 2807 1058 2881 vulgo
1082 2823 1268 2880 putant
1295 2834 1305 2863 :
1333 2828 1637 2883 quanquam
1667 2814 1719 2864 &
1745 2809 1882 2867 istud

306 2880 467 2941 hodie
504 2883 887 2941 Acherontiam
916 2896 1124 2940 vocant.

1512 3070 1720 3181 ‘Lrij
