<?xml version="1.0" encoding="UTF-8"?>
<!DOCTYPE html PUBLIC "-//W3C//DTD XHTML 1.0 Transitional//EN"
    "http://www.w3.org/TR/xhtml1/DTD/xhtml1-transitional.dtd">
<html xmlns="http://www.w3.org/1999/xhtml" xml:lang="en" lang="en">
 <head>
  <title>
</title>
<meta http-equiv="Content-Type" content="text/html;charset=utf-8" />
  <meta name='ocr-system' content='tesseract 3.04.00' />
  <meta name='ocr-capabilities' content='ocr_page ocr_carea ocr_par ocr_line ocrx_word'/>
</head>
<body>
  <div class='ocr_page' id='page_1' title='image "./joannisharduinis00hard_0069.png"; bbox 0 0 2228 3428; ppageno 0'>
   <div class='ocr_carea' id='block_1_1' title="bbox 229 193 1887 632">
    <p class='ocr_par' dir='ltr' id='par_1_1' title="bbox 272 193 1887 569">
     <span class='ocr_line' id='line_1_1' title="bbox 615 193 1886 262; baseline 0.013 -16"><span class='ocrx_word' id='word_1_1' title='bbox 615 193 1333 256; x_wconf 71' lang='lat' dir='ltr'><strong>ILLUSTRATI.</strong></span> <span class='ocrx_word' id='word_1_2' title='bbox 1816 222 1886 262; x_wconf 63' lang='lat'><strong>1.-</strong></span> 
     </span>
     <span class='ocr_line' id='line_1_2' title="bbox 272 230 1850 345; baseline 0.012 -27"><span class='ocrx_word' id='word_1_3' title='bbox 272 285 495 324; x_wconf 77' lang='lat' dir='ltr'><strong>nummo</strong></span> <span class='ocrx_word' id='word_1_4' title='bbox 510 311 524 336; x_wconf 85' lang='lat'>,</span> <span class='ocrx_word' id='word_1_5' title='bbox 549 269 637 339; x_wconf 89' lang='lat' dir='ltr'><strong>qui</strong></span> <span class='ocrx_word' id='word_1_6' title='bbox 661 269 881 340; x_wconf 82' lang='lat' dir='ltr'>Pupieni</span> <span class='ocrx_word' id='word_1_7' title='bbox 899 270 938 322; x_wconf 82' lang='lat' dir='ltr'><strong>A</strong></span> <span class='ocrx_word' id='word_1_8' title='bbox 952 284 1037 341; x_wconf 83' lang='lat' dir='ltr'><strong>ug.</strong></span> <span class='ocrx_word' id='word_1_9' title='bbox 1052 287 1190 322; x_wconf 85' lang='lat' dir='ltr'><strong>anno</strong></span> <span class='ocrx_word' id='word_1_10' title='bbox 1205 272 1371 325; x_wconf 85' lang='lat' dir='ltr'><strong>altero</strong></span> <span class='ocrx_word' id='word_1_11' title='bbox 1391 268 1533 328; x_wconf 83' lang='lat' dir='ltr'><strong>cusus</strong></span> <span class='ocrx_word' id='word_1_12' title='bbox 1551 273 1641 345; x_wconf 83' lang='lat' dir='ltr'><strong>est,</strong></span> <span class='ocrx_word' id='word_1_13' title='bbox 1663 230 1850 337; x_wconf 69' lang='lat' dir='ltr'><strong>A&#39;M4K.</strong></span> 
     </span>
     <span class='ocr_line' id='line_1_3' title="bbox 281 342 1854 415; baseline 0.008 -20"><span class='ocrx_word' id='word_1_14' title='bbox 281 346 431 400; x_wconf 70' lang='lat' dir='ltr'><strong>LE.</strong></span> <span class='ocrx_word' id='word_1_15' title='bbox 474 348 527 397; x_wconf 72' lang='grc' dir='ltr'><strong>ὃζ</strong></span> <span class='ocrx_word' id='word_1_16' title='bbox 551 344 604 394; x_wconf 86' lang='lat' dir='ltr'><strong>in</strong></span> <span class='ocrx_word' id='word_1_17' title='bbox 643 342 902 395; x_wconf 87' lang='lat' dir='ltr'><strong>Gordiani</strong></span> <span class='ocrx_word' id='word_1_18' title='bbox 931 346 1142 414; x_wconf 85' lang='lat' dir='ltr'><strong>gemino</strong></span> <span class='ocrx_word' id='word_1_19' title='bbox 1169 362 1323 415; x_wconf 87' lang='lat' dir='ltr'><strong>quem</strong></span> <span class='ocrx_word' id='word_1_20' title='bbox 1365 349 1576 401; x_wconf 85' lang='lat' dir='ltr'><strong>Patinus</strong></span> <span class='ocrx_word' id='word_1_21' title='bbox 1616 350 1777 406; x_wconf 83' lang='lat' dir='ltr'><strong>affert</strong></span> <span class='ocrx_word' id='word_1_22' title='bbox 1800 358 1854 408; x_wconf 84' lang='lat' dir='ltr'><strong>in</strong></span> 
     </span>
     <span class='ocr_line' id='line_1_4' title="bbox 277 416 1852 489; baseline 0.003 -16"><span class='ocrx_word' id='word_1_23' title='bbox 277 416 575 483; x_wconf 83' lang='lat' dir='ltr'><strong>Thesauro,</strong></span> <span class='ocrx_word' id='word_1_24' title='bbox 595 433 712 489; x_wconf 81' lang='lat' dir='ltr'><strong>pag.</strong></span> <span class='ocrx_word' id='word_1_25' title='bbox 739 421 843 470; x_wconf 89' lang='lat'>126.</span> <span class='ocrx_word' id='word_1_26' title='bbox 868 421 920 469; x_wconf 85' lang='lat'>&amp;</span> <span class='ocrx_word' id='word_1_27' title='bbox 941 436 957 469; x_wconf 92' lang='lat'>1</span> <span class='ocrx_word' id='word_1_28' title='bbox 972 421 1056 486; x_wconf 85' lang='lat'><strong>98.</strong></span> <span class='ocrx_word' id='word_1_29' title='bbox 1077 435 1300 488; x_wconf 89' lang='lat' dir='ltr'><strong>quorum</strong></span> <span class='ocrx_word' id='word_1_30' title='bbox 1323 422 1374 471; x_wconf 89' lang='lat' dir='ltr'><strong>in</strong></span> <span class='ocrx_word' id='word_1_31' title='bbox 1393 421 1560 473; x_wconf 87' lang='lat' dir='ltr'><strong>altero</strong></span> <span class='ocrx_word' id='word_1_32' title='bbox 1578 442 1648 479; x_wconf 84' lang='lat' dir='ltr'><strong>eae</strong></span> <span class='ocrx_word' id='word_1_33' title='bbox 1665 426 1852 482; x_wconf 77' lang='lat' dir='ltr'><strong>litterae</strong></span> 
     </span>
     <span class='ocr_line' id='line_1_5' title="bbox 282 490 1887 569; baseline 0.007 -24"><span class='ocrx_word' id='word_1_34' title='bbox 282 508 385 546; x_wconf 87' lang='lat' dir='ltr'><strong>tres</strong></span> <span class='ocrx_word' id='word_1_35' title='bbox 417 491 483 544; x_wconf 89' lang='lat' dir='ltr'><strong>fic</strong></span> <span class='ocrx_word' id='word_1_36' title='bbox 514 490 845 543; x_wconf 80' lang='lat' dir='ltr'><strong>collocantur</strong></span> <span class='ocrx_word' id='word_1_37' title='bbox 868 534 882 556; x_wconf 79' lang='lat'>,</span> <span class='ocrx_word' id='word_1_38' title='bbox 928 505 987 541; x_wconf 89' lang='lat' dir='ltr'><strong>ut</strong></span> <span class='ocrx_word' id='word_1_39' title='bbox 1025 494 1182 564; x_wconf 89' lang='lat' dir='ltr'><strong>priori</strong></span> <span class='ocrx_word' id='word_1_40' title='bbox 1222 492 1385 546; x_wconf 85' lang='lat' dir='ltr'><strong>altera</strong></span> <span class='ocrx_word' id='word_1_41' title='bbox 1421 492 1750 569; x_wconf 77' lang='lat' dir='ltr'><strong>subjiciatur,</strong></span> <span class='ocrx_word' id='word_1_42' title='bbox 1779 503 1887 555; x_wconf 70' lang='lat' dir='ltr'><strong>isti»</strong></span> 
     </span>
    </p>

    <p class='ocr_par' dir='ltr' id='par_1_2' title="bbox 229 563 1214 632">
     <span class='ocr_line' id='line_1_6' title="bbox 229 563 1214 632; baseline -0.002 -12"><span class='ocrx_word' id='word_1_43' title='bbox 229 594 236 598; x_wconf 86' lang='lat'><em>-</em></span> <span class='ocrx_word' id='word_1_44' title='bbox 286 566 480 620; x_wconf 88' lang='lat' dir='ltr'><strong>deinde</strong></span> <span class='ocrx_word' id='word_1_45' title='bbox 504 565 654 617; x_wconf 86' lang='lat' dir='ltr'><strong>tertia</strong></span> <span class='ocrx_word' id='word_1_46' title='bbox 674 607 688 632; x_wconf 81' lang='lat'>,</span> <span class='ocrx_word' id='word_1_47' title='bbox 713 565 766 615; x_wconf 83' lang='lat' dir='ltr'><strong>in</strong></span> <span class='ocrx_word' id='word_1_48' title='bbox 796 563 936 618; x_wconf 82' lang='lat' dir='ltr'><strong>hunc</strong></span> <span class='ocrx_word' id='word_1_49' title='bbox 961 564 1180 618; x_wconf 86' lang='lat' dir='ltr'><strong>modum</strong></span> <span class='ocrx_word' id='word_1_50' title='bbox 1203 591 1214 618; x_wconf 75' lang='lat' dir='ltr'>z</span> 
     </span>
    </p>
   </div>
   <div class='ocr_carea' id='block_1_2' title="bbox 218 862 1904 3117">
    <p class='ocr_par' dir='ltr' id='par_1_3' title="bbox 283 862 1904 1983">
     <span class='ocr_line' id='line_1_7' title="bbox 284 862 1857 945; baseline 0.003 -27"><span class='ocrx_word' id='word_1_51' title='bbox 284 867 348 920; x_wconf 88' lang='lat' dir='ltr'><strong>In</strong></span> <span class='ocrx_word' id='word_1_52' title='bbox 368 864 535 917; x_wconf 84' lang='lat' dir='ltr'><strong>altero</strong></span> <span class='ocrx_word' id='word_1_53' title='bbox 559 863 737 915; x_wconf 87' lang='lat' dir='ltr'><strong>littera</strong></span> <span class='ocrx_word' id='word_1_54' title='bbox 754 865 894 935; x_wconf 87' lang='lat' dir='ltr'><strong>prior</strong></span> <span class='ocrx_word' id='word_1_55' title='bbox 912 866 960 920; x_wconf 91' lang='lat' dir='ltr'><strong>A</strong></span> <span class='ocrx_word' id='word_1_56' title='bbox 979 862 1296 939; x_wconf 85' lang='lat' dir='ltr'><strong>superiorem</strong></span> <span class='ocrx_word' id='word_1_57' title='bbox 1319 872 1519 922; x_wconf 82' lang='lat' dir='ltr'><strong>nummi</strong></span> <span class='ocrx_word' id='word_1_58' title='bbox 1539 886 1741 945; x_wconf 79' lang='lat' dir='ltr'><strong>partein</strong></span> <span class='ocrx_word' id='word_1_59' title='bbox 1765 877 1857 928; x_wconf 60' lang='lat' dir='ltr'><strong>ob„</strong></span> 
     </span>
     <span class='ocr_line' id='line_1_8' title="bbox 284 933 1855 1022; baseline 0.004 -30"><span class='ocrx_word' id='word_1_60' title='bbox 284 933 754 1006; x_wconf 79' lang='lat' dir='ltr'><strong>tinet,inferiorem</strong></span> <span class='ocrx_word' id='word_1_61' title='bbox 776 954 961 992; x_wconf 83' lang='lat' dir='ltr'><strong>ceterae</strong></span> <span class='ocrx_word' id='word_1_62' title='bbox 976 939 1089 993; x_wconf 85' lang='lat' dir='ltr'><strong>duae</strong></span> <span class='ocrx_word' id='word_1_63' title='bbox 1112 942 1174 994; x_wconf 91' lang='lat' dir='ltr'>M</span> <span class='ocrx_word' id='word_1_64' title='bbox 1193 945 1254 995; x_wconf 91' lang='lat' dir='ltr'><strong>K.</strong></span> <span class='ocrx_word' id='word_1_65' title='bbox 1275 959 1394 993; x_wconf 88' lang='lat' dir='ltr'><strong>cum</strong></span> <span class='ocrx_word' id='word_1_66' title='bbox 1412 948 1551 996; x_wconf 86' lang='lat' dir='ltr'><strong>notis</strong></span> <span class='ocrx_word' id='word_1_67' title='bbox 1567 953 1688 1000; x_wconf 87' lang='lat' dir='ltr'><strong>anni</strong></span> <span class='ocrx_word' id='word_1_68' title='bbox 1712 954 1855 1022; x_wconf 84' lang='lat' dir='ltr'><strong>prin-</strong></span> 
     </span>
     <span class='ocr_line' id='line_1_9' title="bbox 286 1009 1854 1093; baseline 0.006 -27"><span class='ocrx_word' id='word_1_69' title='bbox 286 1017 485 1088; x_wconf 85' lang='lat' dir='ltr'><strong>cipatus</strong></span> <span class='ocrx_word' id='word_1_70' title='bbox 516 1009 757 1066; x_wconf 87' lang='lat' dir='ltr'><strong>secundi:</strong></span> <span class='ocrx_word' id='word_1_71' title='bbox 787 1012 874 1065; x_wconf 87' lang='lat' dir='ltr'><strong>sed</strong></span> <span class='ocrx_word' id='word_1_72' title='bbox 902 1028 954 1070; x_wconf 84' lang='lat' dir='ltr'><strong>L.</strong></span> <span class='ocrx_word' id='word_1_73' title='bbox 991 1033 1092 1087; x_wconf 87' lang='lat' dir='ltr'><strong>qua</strong></span> <span class='ocrx_word' id='word_1_74' title='bbox 1112 1016 1323 1083; x_wconf 55' lang='lat' dir='ltr'><strong>MUGQ</strong></span> <span class='ocrx_word' id='word_1_75' title='bbox 1360 1017 1613 1092; x_wconf 83' lang='lat' dir='ltr'><strong>fignatur,</strong></span> <span class='ocrx_word' id='word_1_76' title='bbox 1641 1025 1854 1093; x_wconf 70' lang='lat' dir='ltr'><strong>inversa,</strong></span> 
     </span>
     <span class='ocr_line' id='line_1_10' title="bbox 283 1087 1860 1165; baseline 0.007 -26"><span class='ocrx_word' id='word_1_77' title='bbox 283 1092 338 1139; x_wconf 91' lang='lat' dir='ltr'><strong>in</strong></span> <span class='ocrx_word' id='word_1_78' title='bbox 366 1089 508 1157; x_wconf 86' lang='lat' dir='ltr'><strong>hunc</strong></span> <span class='ocrx_word' id='word_1_79' title='bbox 543 1087 761 1139; x_wconf 84' lang='lat' dir='ltr'><strong>modum</strong></span> <span class='ocrx_word' id='word_1_80' title='bbox 784 1128 799 1151; x_wconf 82' lang='lat'>‚</span> <span class='ocrx_word' id='word_1_81' title='bbox 831 1098 887 1145; x_wconf 91' lang='grc' dir='ltr'><strong>Γ.</strong></span> <span class='ocrx_word' id='word_1_82' title='bbox 914 1090 1069 1143; x_wconf 84' lang='lat' dir='ltr'><strong>Unde</strong></span> <span class='ocrx_word' id='word_1_83' title='bbox 1096 1091 1267 1163; x_wconf 88' lang='lat' dir='ltr'><strong>palam</strong></span> <span class='ocrx_word' id='word_1_84' title='bbox 1293 1092 1367 1143; x_wconf 90' lang='lat' dir='ltr'><strong>est</strong></span> <span class='ocrx_word' id='word_1_85' title='bbox 1386 1136 1399 1159; x_wconf 78' lang='lat'>,</span> <span class='ocrx_word' id='word_1_86' title='bbox 1428 1095 1626 1165; x_wconf 85' lang='lat' dir='ltr'><strong>priores</strong></span> <span class='ocrx_word' id='word_1_87' title='bbox 1662 1097 1860 1151; x_wconf 78' lang='lat' dir='ltr'><strong>litteras</strong></span> 
     </span>
     <span class='ocr_line' id='line_1_11' title="bbox 286 1160 1865 1242; baseline 0.005 -26"><span class='ocrx_word' id='word_1_88' title='bbox 286 1160 515 1216; x_wconf 84' lang='lat' dir='ltr'><strong>fimiliter</strong></span> <span class='ocrx_word' id='word_1_89' title='bbox 532 1164 699 1235; x_wconf 82' lang='lat' dir='ltr'><strong>accipi</strong></span> <span class='ocrx_word' id='word_1_90' title='bbox 718 1177 967 1236; x_wconf 87' lang='lat' dir='ltr'><strong>oportere</strong></span> <span class='ocrx_word' id='word_1_91' title='bbox 982 1208 996 1230; x_wconf 82' lang='lat'>,</span> <span class='ocrx_word' id='word_1_92' title='bbox 1022 1162 1237 1239; x_wconf 82' lang='lat' dir='ltr'><strong>legique</strong></span> <span class='ocrx_word' id='word_1_93' title='bbox 1252 1210 1266 1234; x_wconf 84' lang='lat'>,</span> <span class='ocrx_word' id='word_1_94' title='bbox 1286 1167 1487 1238; x_wconf 60' lang='grc' dir='ltr'><strong>Πριέτης</strong></span> <span class='ocrx_word' id='word_1_95' title='bbox 1507 1169 1865 1242; x_wconf 56' lang='grc' dir='ltr'><strong>Μηηζυοπόλεως</strong></span> 
     </span>
     <span class='ocr_line' id='line_1_12' title="bbox 290 1237 1860 1316; baseline 0.004 -22"><span class='ocrx_word' id='word_1_96' title='bbox 290 1237 508 1300; x_wconf 55' lang='grc' dir='ltr'><strong>Κιλικίας</strong></span> <span class='ocrx_word' id='word_1_97' title='bbox 538 1263 548 1291; x_wconf 91' lang='lat'>:</span> <span class='ocrx_word' id='word_1_98' title='bbox 583 1237 730 1308; x_wconf 90' lang='lat' dir='ltr'><strong>quod</strong></span> <span class='ocrx_word' id='word_1_99' title='bbox 773 1252 830 1289; x_wconf 89' lang='lat' dir='ltr'><strong>ut</strong></span> <span class='ocrx_word' id='word_1_100' title='bbox 864 1237 1061 1291; x_wconf 83' lang='lat' dir='ltr'><strong>Ciliciae</strong></span> <span class='ocrx_word' id='word_1_101' title='bbox 1096 1243 1274 1312; x_wconf 87' lang='lat' dir='ltr'><strong>primae</strong></span> <span class='ocrx_word' id='word_1_102' title='bbox 1306 1244 1632 1316; x_wconf 88' lang='lat' dir='ltr'><strong>Metropolis</strong></span> <span class='ocrx_word' id='word_1_103' title='bbox 1667 1249 1860 1300; x_wconf 81' lang='lat' dir='ltr'><strong>Tarsus</strong></span> 
     </span>
     <span class='ocr_line' id='line_1_13' title="bbox 283 1312 1904 1393; baseline 0.003 -27"><span class='ocrx_word' id='word_1_104' title='bbox 283 1312 456 1380; x_wconf 77' lang='lat' dir='ltr'><strong>foret,</strong></span> <span class='ocrx_word' id='word_1_105' title='bbox 489 1315 562 1363; x_wconf 89' lang='lat' dir='ltr'><strong>ita</strong></span> <span class='ocrx_word' id='word_1_106' title='bbox 590 1312 827 1364; x_wconf 86' lang='lat' dir='ltr'><strong>secundae</strong></span> <span class='ocrx_word' id='word_1_107' title='bbox 857 1312 1165 1368; x_wconf 81' lang='lat' dir='ltr'><strong>Anazarbus</strong></span> <span class='ocrx_word' id='word_1_108' title='bbox 1196 1340 1207 1368; x_wconf 92' lang='lat'>:</span> <span class='ocrx_word' id='word_1_109' title='bbox 1245 1332 1468 1389; x_wconf 84' lang='lat' dir='ltr'><strong>utraque</strong></span> <span class='ocrx_word' id='word_1_110' title='bbox 1500 1323 1554 1370; x_wconf 90' lang='lat' dir='ltr'><strong>in</strong></span> <span class='ocrx_word' id='word_1_111' title='bbox 1575 1324 1871 1393; x_wconf 66' lang='lat' dir='ltr'><strong>provinciae:</strong></span> <span class='ocrx_word' id='word_1_112' title='bbox 1901 1364 1904 1365; x_wconf 12' lang='grc' dir='ltr'><em>γ</em></span> 
     </span>
     <span class='ocr_line' id='line_1_14' title="bbox 291 1383 1861 1464; baseline 0.006 -25"><span class='ocrx_word' id='word_1_113' title='bbox 291 1388 386 1440; x_wconf 83' lang='lat' dir='ltr'><strong>suae</strong></span> <span class='ocrx_word' id='word_1_114' title='bbox 429 1383 725 1439; x_wconf 86' lang='lat' dir='ltr'><strong>civitatibus</strong></span> <span class='ocrx_word' id='word_1_115' title='bbox 762 1388 1114 1459; x_wconf 79' lang='lat' dir='ltr'><strong>principatum</strong></span> <span class='ocrx_word' id='word_1_116' title='bbox 1161 1388 1428 1442; x_wconf 87' lang='lat' dir='ltr'><strong>obtineret</strong></span> <span class='ocrx_word' id='word_1_117' title='bbox 1456 1433 1473 1454; x_wconf 88' lang='lat'><em>,</em></span> <span class='ocrx_word' id='word_1_118' title='bbox 1511 1393 1861 1464; x_wconf 84' lang='lat' dir='ltr'><strong>quamobrem</strong></span> 
     </span>
     <span class='ocr_line' id='line_1_15' title="bbox 287 1460 1860 1537; baseline 0.006 -28"><span class='ocrx_word' id='word_1_119' title='bbox 287 1462 454 1524; x_wconf 52' lang='grc' dir='ltr'><strong>πρώτη</strong></span> <span class='ocrx_word' id='word_1_120' title='bbox 489 1460 751 1511; x_wconf 86' lang='lat' dir='ltr'><strong>diceretur</strong></span> <span class='ocrx_word' id='word_1_121' title='bbox 777 1462 830 1511; x_wconf 82' lang='lat' dir='ltr'><strong>in</strong></span> <span class='ocrx_word' id='word_1_122' title='bbox 866 1463 1091 1512; x_wconf 84' lang='lat' dir='ltr'><strong>nummis</strong></span> <span class='ocrx_word' id='word_1_123' title='bbox 1120 1486 1132 1514; x_wconf 74' lang='lat' dir='ltr'>z</span> <span class='ocrx_word' id='word_1_124' title='bbox 1179 1465 1326 1534; x_wconf 89' lang='lat' dir='ltr'><strong>quod</strong></span> <span class='ocrx_word' id='word_1_125' title='bbox 1360 1465 1486 1536; x_wconf 88' lang='lat' dir='ltr'><strong>juris</strong></span> <span class='ocrx_word' id='word_1_126' title='bbox 1533 1467 1773 1537; x_wconf 88' lang='lat' dir='ltr'><strong>dicendi,</strong></span> <span class='ocrx_word' id='word_1_127' title='bbox 1802 1473 1860 1524; x_wconf 83' lang='lat' dir='ltr'><strong>li-</strong></span> 
     </span>
     <span class='ocr_line' id='line_1_16' title="bbox 287 1529 1863 1606; baseline 0.005 -21"><span class='ocrx_word' id='word_1_128' title='bbox 287 1537 522 1606; x_wconf 88' lang='lat' dir='ltr'><strong>tiumque</strong></span> <span class='ocrx_word' id='word_1_129' title='bbox 553 1529 1173 1604; x_wconf 84' lang='lat' dir='ltr'><strong>disceptandarumcausa-</strong></span> <span class='ocrx_word' id='word_1_130' title='bbox 1200 1552 1387 1590; x_wconf 79' lang='lat' dir='ltr'><strong>ceterae</strong></span> <span class='ocrx_word' id='word_1_131' title='bbox 1415 1539 1757 1596; x_wconf 26' lang='lat' dir='ltr'><strong>illiusvtractus</strong></span> <span class='ocrx_word' id='word_1_132' title='bbox 1779 1565 1863 1598; x_wconf 81' lang='lat' dir='ltr'><strong>ur-</strong></span> 
     </span>
     <span class='ocr_line' id='line_1_17' title="bbox 289 1608 1857 1693; baseline 0.009 -34"><span class='ocrx_word' id='word_1_133' title='bbox 289 1608 378 1662; x_wconf 85' lang='lat' dir='ltr'><strong>bes</strong></span> <span class='ocrx_word' id='word_1_134' title='bbox 401 1625 466 1660; x_wconf 93' lang='lat' dir='ltr'><strong>eo</strong></span> <span class='ocrx_word' id='word_1_135' title='bbox 489 1611 856 1673; x_wconf 84' lang='lat' dir='ltr'><strong>convenirent.</strong></span> <span class='ocrx_word' id='word_1_136' title='bbox 891 1611 950 1662; x_wconf 94' lang='lat' dir='ltr'>N</span> <span class='ocrx_word' id='word_1_137' title='bbox 958 1612 1107 1661; x_wconf 88' lang='lat' dir='ltr'><strong>otitia</strong></span> <span class='ocrx_word' id='word_1_138' title='bbox 1139 1609 1333 1666; x_wconf 89' lang='lat' dir='ltr'><strong>Eccles.</strong></span> <span class='ocrx_word' id='word_1_139' title='bbox 1362 1620 1579 1686; x_wconf 83' lang='lat' dir='ltr'><strong>antiqua</strong></span> <span class='ocrx_word' id='word_1_140' title='bbox 1598 1661 1611 1683; x_wconf 84' lang='lat'>,</span> <span class='ocrx_word' id='word_1_141' title='bbox 1647 1635 1763 1693; x_wconf 81' lang='lat' dir='ltr'><strong>pag.</strong></span> <span class='ocrx_word' id='word_1_142' title='bbox 1792 1642 1857 1693; x_wconf 77' lang='lat'><strong>35.</strong></span> 
     </span>
     <span class='ocr_line' id='line_1_18' title="bbox 290 1683 1866 1768; baseline 0.007 -32"><span class='ocrx_word' id='word_1_143' title='bbox 290 1685 536 1761; x_wconf 59' lang='grc' dir='ltr'><strong>Ἔπαρχζοι</strong></span> <span class='ocrx_word' id='word_1_144' title='bbox 564 1683 787 1745; x_wconf 73' lang='grc' dir='ltr'><strong>Κιλικίας</strong></span> <span class='ocrx_word' id='word_1_145' title='bbox 815 1684 866 1740; x_wconf 77' lang='grc' dir='ltr'><strong>α’.</strong></span> <span class='ocrx_word' id='word_1_146' title='bbox 900 1685 1048 1747; x_wconf 56' lang='lat' dir='ltr'><strong>w*</strong></span> <span class='ocrx_word' id='word_1_147' title='bbox 1072 1689 1429 1758; x_wconf 62' lang='grc' dir='ltr'><strong>Κονωλιαῖοιον,</strong></span> <span class='ocrx_word' id='word_1_148' title='bbox 1447 1690 1543 1761; x_wconf 80' lang='lat' dir='ltr'><strong>sub</strong></span> <span class='ocrx_word' id='word_1_149' title='bbox 1574 1695 1866 1768; x_wconf 70' lang='lat' dir='ltr'><strong>Consiclart&#39;,</strong></span> 
     </span>
     <span class='ocr_line' id='line_1_19' title="bbox 287 1757 1865 1845; baseline 0.009 -34"><span class='ocrx_word' id='word_1_150' title='bbox 287 1759 485 1831; x_wconf 58' lang='lat' dir='ltr'><strong>Teisa-05</strong></span> <span class='ocrx_word' id='word_1_151' title='bbox 512 1757 827 1825; x_wconf 62' lang='grc' dir='ltr'>Μησξᾶπυλις.</span> <span class='ocrx_word' id='word_1_152' title='bbox 858 1762 1260 1829; x_wconf 65' lang='grc' dir='ltr'><strong>Πομπηΐοόπυλις</strong></span> <span class='ocrx_word' id='word_1_153' title='bbox 1279 1805 1292 1825; x_wconf 88' lang='grc'>,</span> <span class='ocrx_word' id='word_1_154' title='bbox 1322 1770 1423 1819; x_wconf 73' lang='grc' dir='ltr'><strong>δίε.</strong></span> <span class='ocrx_word' id='word_1_155' title='bbox 1456 1766 1696 1845; x_wconf 60' lang='grc' dir='ltr'><strong>Ἔπαρχία,</strong></span> <span class='ocrx_word' id='word_1_156' title='bbox 1721 1774 1865 1829; x_wconf 74' lang='grc' dir='ltr'>Κιλι-</span> 
     </span>
     <span class='ocr_line' id='line_1_20' title="bbox 292 1834 1866 1919; baseline 0.007 -29"><span class='ocrx_word' id='word_1_157' title='bbox 292 1834 389 1899; x_wconf 70' lang='grc' dir='ltr'><strong>κίας</strong></span> <span class='ocrx_word' id='word_1_158' title='bbox 412 1835 473 1902; x_wconf 67' lang='grc' dir='ltr'><strong>β’,</strong></span> <span class='ocrx_word' id='word_1_159' title='bbox 505 1834 654 1897; x_wconf 60' lang='lat' dir='ltr'><strong>‘t‘ffiw&#39;</strong></span> <span class='ocrx_word' id='word_1_160' title='bbox 679 1835 925 1904; x_wconf 53' lang='lat' dir='ltr'><strong>H‘Wabm</strong></span> <span class='ocrx_word' id='word_1_161' title='bbox 947 1880 960 1902; x_wconf 90' lang='lat'>,</span> <span class='ocrx_word' id='word_1_162' title='bbox 983 1834 1078 1911; x_wconf 74' lang='lat' dir='ltr'><strong>sub</strong></span> <span class='ocrx_word' id='word_1_163' title='bbox 1106 1838 1348 1912; x_wconf 76' lang='lat' dir='ltr'><strong>Praeſsde,</strong></span> <span class='ocrx_word' id='word_1_164' title='bbox 1379 1841 1712 1919; x_wconf 58' lang='grc' dir='ltr'><strong>ἈναΙζωρζος</strong></span> <span class='ocrx_word' id='word_1_165' title='bbox 1752 1848 1866 1907; x_wconf 66' lang='grc' dir='ltr'><strong>Μὴ-</strong></span> 
     </span>
     <span class='ocr_line' id='line_1_21' title="bbox 285 1911 998 1983; baseline 0 -16"><span class='ocrx_word' id='word_1_166' title='bbox 285 1911 510 1978; x_wconf 50' lang='grc' dir='ltr'><strong>σςόὲπολις.</strong></span> <span class='ocrx_word' id='word_1_167' title='bbox 545 1912 863 1983; x_wconf 60' lang='grc' dir='ltr'><strong>Μοψαυεςίοι,</strong></span> <span class='ocrx_word' id='word_1_168' title='bbox 900 1917 998 1967; x_wconf 73' lang='grc' dir='ltr'><strong>δίε.</strong></span> 
     </span>
    </p>

    <p class='ocr_par' dir='ltr' id='par_1_4' title="bbox 218 1995 1880 2503">
     <span class='ocr_line' id='line_1_22' title="bbox 218 1995 1864 2072; baseline 0.005 -30"><span class='ocrx_word' id='word_1_169' title='bbox 218 1996 1052 2043; x_wconf 74' lang='lat' dir='ltr'><strong>ANAZA1&gt;BOT.MH.ET.</strong></span> <span class='ocrx_word' id='word_1_170' title='bbox 1090 1999 1439 2050; x_wconf 73' lang='lat' dir='ltr'><strong>BOC.A.E</strong></span> <span class='ocrx_word' id='word_1_171' title='bbox 1464 2004 1524 2053; x_wconf 69' lang='lat' dir='ltr'><strong>z.</strong></span> <span class='ocrx_word' id='word_1_172' title='bbox 1556 1995 1864 2072; x_wconf 58' lang='grc' dir='ltr'><strong>Α’μαζάρζοω</strong></span> 
     </span>
     <span class='ocr_line' id='line_1_23' title="bbox 292 2059 1863 2139; baseline 0.008 -24"><span class='ocrx_word' id='word_1_173' title='bbox 292 2059 1217 2139; x_wconf 53' lang='lat' dir='ltr'><strong>Mnmg‘om&#39;moes,{&#39;÷1·ec‹ruff-Anuoappcnoffss</strong></span> <span class='ocrx_word' id='word_1_174' title='bbox 1231 2067 1445 2139; x_wconf 68' lang='grc' dir='ltr'><strong>ἐξουσίας.</strong></span> <span class='ocrx_word' id='word_1_175' title='bbox 1463 2077 1612 2124; x_wconf 83' lang='lat' dir='ltr'><strong>Anno</strong></span> <span class='ocrx_word' id='word_1_176' title='bbox 1629 2089 1863 2127; x_wconf 73' lang='lat' dir='ltr'><strong>chxxn.</strong></span> 
     </span>
     <span class='ocr_line' id='line_1_24' title="bbox 296 2135 1863 2206; baseline 0.006 -18"><span class='ocrx_word' id='word_1_177' title='bbox 296 2135 588 2188; x_wconf 52' lang='lat' dir='ltr'><strong>Tribunum</strong></span> <span class='ocrx_word' id='word_1_178' title='bbox 612 2138 878 2206; x_wconf 80' lang='lat' dir='ltr'><strong>Potestate.</strong></span> <span class='ocrx_word' id='word_1_179' title='bbox 910 2136 1141 2189; x_wconf 85' lang='lat' dir='ltr'><strong>Gallieni</strong></span> <span class='ocrx_word' id='word_1_180' title='bbox 1160 2157 1405 2191; x_wconf 86' lang='lat' dir='ltr'><strong>nummus</strong></span> <span class='ocrx_word' id='word_1_181' title='bbox 1434 2159 1463 2193; x_wconf 93' lang='lat' dir='ltr'><strong>e</strong></span> <span class='ocrx_word' id='word_1_182' title='bbox 1501 2145 1725 2196; x_wconf 86' lang='lat' dir='ltr'><strong>Cimelio</strong></span> <span class='ocrx_word' id='word_1_183' title='bbox 1754 2150 1863 2202; x_wconf 87' lang='lat' dir='ltr'><strong>Re-</strong></span> 
     </span>
     <span class='ocr_line' id='line_1_25' title="bbox 294 2208 1878 2289; baseline 0.01 -32"><span class='ocrx_word' id='word_1_184' title='bbox 294 2212 412 2281; x_wconf 81' lang='lat' dir='ltr'><strong>gio:</strong></span> <span class='ocrx_word' id='word_1_185' title='bbox 437 2227 500 2260; x_wconf 84' lang='lat' dir='ltr'><strong>ex</strong></span> <span class='ocrx_word' id='word_1_186' title='bbox 522 2227 629 2278; x_wconf 91' lang='lat' dir='ltr'><strong>quo</strong></span> <span class='ocrx_word' id='word_1_187' title='bbox 653 2225 868 2281; x_wconf 87' lang='lat' dir='ltr'><strong>apparet</strong></span> <span class='ocrx_word' id='word_1_188' title='bbox 895 2208 1043 2278; x_wconf 85' lang='lat' dir='ltr'><strong>hujus</strong></span> <span class='ocrx_word' id='word_1_189' title='bbox 1067 2213 1251 2282; x_wconf 88' lang='lat' dir='ltr'><strong>oppidi</strong></span> <span class='ocrx_word' id='word_1_190' title='bbox 1279 2231 1431 2264; x_wconf 84' lang='lat' dir='ltr'><strong>aeram</strong></span> <span class='ocrx_word' id='word_1_191' title='bbox 1474 2215 1687 2289; x_wconf 79' lang='lat' dir='ltr'><strong>coepiffe</strong></span> <span class='ocrx_word' id='word_1_192' title='bbox 1718 2223 1878 2273; x_wconf 34' lang='lat' dir='ltr'><strong>circi-⁴</strong></span> 
     </span>
     <span class='ocr_line' id='line_1_26' title="bbox 294 2278 1880 2363; baseline 0.009 -29"><span class='ocrx_word' id='word_1_193' title='bbox 294 2297 375 2334; x_wconf 90' lang='lat' dir='ltr'><strong>ter</strong></span> <span class='ocrx_word' id='word_1_194' title='bbox 395 2299 588 2334; x_wconf 87' lang='lat' dir='ltr'><strong>annum</strong></span> <span class='ocrx_word' id='word_1_195' title='bbox 616 2278 770 2334; x_wconf 83' lang='lat' dir='ltr'><strong>Urbis</strong></span> <span class='ocrx_word' id='word_1_196' title='bbox 801 2302 838 2336; x_wconf 90' lang='lat' dir='ltr'>D</span> <span class='ocrx_word' id='word_1_197' title='bbox 856 2301 889 2336; x_wconf 86' lang='lat' dir='ltr'><strong>c</strong></span> <span class='ocrx_word' id='word_1_198' title='bbox 906 2301 940 2335; x_wconf 90' lang='lat' dir='ltr'><strong>c</strong></span> <span class='ocrx_word' id='word_1_199' title='bbox 957 2300 996 2335; x_wconf 85' lang='lat' dir='ltr'><strong>x</strong></span> <span class='ocrx_word' id='word_1_200' title='bbox 1013 2302 1044 2336; x_wconf 84' lang='lat' dir='ltr'>L</span> <span class='ocrx_word' id='word_1_201' title='bbox 1063 2304 1097 2336; x_wconf 88' lang='lat'><strong>1.</strong></span> <span class='ocrx_word' id='word_1_202' title='bbox 1129 2287 1350 2357; x_wconf 81' lang='lat' dir='ltr'><strong>Augusti</strong></span> <span class='ocrx_word' id='word_1_203' title='bbox 1379 2291 1698 2363; x_wconf 83' lang='lat' dir='ltr'><strong>principatus</strong></span> <span class='ocrx_word' id='word_1_204' title='bbox 1718 2311 1880 2350; x_wconf 74' lang='lat' dir='ltr'><strong>xxxi..</strong></span> 
     </span>
     <span class='ocr_line' id='line_1_27' title="bbox 291 2356 1877 2430; baseline 0.01 -23"><span class='ocrx_word' id='word_1_205' title='bbox 291 2356 413 2430; x_wconf 88' lang='lat' dir='ltr'><strong>post</strong></span> <span class='ocrx_word' id='word_1_206' title='bbox 439 2356 708 2410; x_wconf 60' lang='lat' dir='ltr'><strong>Actiacam</strong></span> <span class='ocrx_word' id='word_1_207' title='bbox 739 2357 1007 2408; x_wconf 47' lang='lat' dir='ltr'><strong>victoriam</strong></span> <span class='ocrx_word' id='word_1_208' title='bbox 1025 2374 1088 2409; x_wconf 84' lang='lat' dir='ltr'><strong>x1</strong></span> <span class='ocrx_word' id='word_1_209' title='bbox 1108 2377 1158 2413; x_wconf 78' lang='lat' dir='ltr'><strong>x.</strong></span> <span class='ocrx_word' id='word_1_210' title='bbox 1185 2374 1240 2410; x_wconf 92' lang='lat' dir='ltr'><strong>ut</strong></span> <span class='ocrx_word' id='word_1_211' title='bbox 1256 2360 1318 2414; x_wconf 87' lang='lat' dir='ltr'><strong>fit</strong></span> <span class='ocrx_word' id='word_1_212' title='bbox 1335 2360 1419 2414; x_wconf 83' lang='lat' dir='ltr'><strong>hic</strong></span> <span class='ocrx_word' id='word_1_213' title='bbox 1437 2380 1602 2417; x_wconf 86' lang='lat' dir='ltr'><strong>annus</strong></span> <span class='ocrx_word' id='word_1_214' title='bbox 1635 2366 1877 2423; x_wconf 73' lang='lat' dir='ltr'><strong>Gallieni</strong></span> 
     </span>
     <span class='ocr_line' id='line_1_28' title="bbox 291 2431 1171 2503; baseline 0.007 -21"><span class='ocrx_word' id='word_1_215' title='bbox 291 2434 484 2503; x_wconf 84' lang='lat' dir='ltr'><strong>primus</strong></span> <span class='ocrx_word' id='word_1_216' title='bbox 498 2475 517 2499; x_wconf 48' lang='lat'><strong>,.</strong></span> <span class='ocrx_word' id='word_1_217' title='bbox 544 2431 700 2485; x_wconf 88' lang='lat' dir='ltr'><strong>Urbis</strong></span> <span class='ocrx_word' id='word_1_218' title='bbox 730 2433 949 2498; x_wconf 88' lang='lat' dir='ltr'><strong>Romae,</strong></span> <span class='ocrx_word' id='word_1_219' title='bbox 977 2452 1024 2487; x_wconf 87' lang='grc' dir='ltr'><strong>Μ</strong></span> <span class='ocrx_word' id='word_1_220' title='bbox 1044 2452 1115 2487; x_wconf 75' lang='lat' dir='ltr'><strong>xi</strong></span> <span class='ocrx_word' id='word_1_221' title='bbox 1135 2454 1171 2488; x_wconf 89' lang='lat'><strong>1.</strong></span> 
     </span>
    </p>

    <p class='ocr_par' dir='ltr' id='par_1_5' title="bbox 219 2508 1884 3036">
     <span class='ocr_line' id='line_1_29' title="bbox 219 2508 1864 2584; baseline 0.007 -22"><span class='ocrx_word' id='word_1_222' title='bbox 219 2518 684 2564; x_wconf 83' lang='lat' dir='ltr'><strong>ANAZAPBO.</strong></span> <span class='ocrx_word' id='word_1_223' title='bbox 718 2518 830 2564; x_wconf 82' lang='lat' dir='ltr'><strong>ET.</strong></span> <span class='ocrx_word' id='word_1_224' title='bbox 865 2517 966 2565; x_wconf 82' lang='grc' dir='ltr'><strong>ΒΠ</strong></span> <span class='ocrx_word' id='word_1_225' title='bbox 985 2521 1037 2564; x_wconf 80' lang='grc' dir='ltr'><strong>Ρ.</strong></span> <span class='ocrx_word' id='word_1_226' title='bbox 1076 2508 1164 2568; x_wconf 71' lang='grc' dir='ltr'><strong>ἔπι</strong></span> <span class='ocrx_word' id='word_1_227' title='bbox 1201 2510 1334 2584; x_wconf 62' lang='lat' dir='ltr'><strong>pvess&#39;.</strong></span> <span class='ocrx_word' id='word_1_228' title='bbox 1373 2517 1526 2567; x_wconf 82' lang='lat' dir='ltr'><strong>Anno</strong></span> <span class='ocrx_word' id='word_1_229' title='bbox 1550 2534 1806 2571; x_wconf 74' lang='lat' dir='ltr'><strong>crxxx1</strong></span> <span class='ocrx_word' id='word_1_230' title='bbox 1828 2543 1864 2575; x_wconf 79' lang='lat'><strong>1.</strong></span> 
     </span>
     <span class='ocr_line' id='line_1_30' title="bbox 291 2584 1866 2661; baseline 0.007 -25"><span class='ocrx_word' id='word_1_231' title='bbox 291 2584 352 2637; x_wconf 94' lang='lat' dir='ltr'><strong>L.</strong></span> <span class='ocrx_word' id='word_1_232' title='bbox 373 2585 497 2650; x_wconf 82' lang='lat' dir='ltr'><strong>Veri</strong></span> <span class='ocrx_word' id='word_1_233' title='bbox 523 2601 764 2636; x_wconf 87' lang='lat' dir='ltr'><strong>nummus</strong></span> <span class='ocrx_word' id='word_1_234' title='bbox 782 2626 795 2648; x_wconf 90' lang='lat'>‚</span> <span class='ocrx_word' id='word_1_235' title='bbox 826 2591 844 2649; x_wconf 96' lang='lat'>(</span> <span class='ocrx_word' id='word_1_236' title='bbox 865 2601 974 2635; x_wconf 88' lang='lat' dir='ltr'><strong>non</strong></span> <span class='ocrx_word' id='word_1_237' title='bbox 1008 2586 1216 2653; x_wconf 79' lang='lat' dir='ltr'><strong>Severi,</strong></span> <span class='ocrx_word' id='word_1_238' title='bbox 1249 2602 1313 2641; x_wconf 93' lang='lat' dir='ltr'><strong>ut</strong></span> <span class='ocrx_word' id='word_1_239' title='bbox 1343 2588 1556 2659; x_wconf 85' lang='lat' dir='ltr'><strong>quidam</strong></span> <span class='ocrx_word' id='word_1_240' title='bbox 1579 2592 1766 2644; x_wconf 88' lang='lat' dir='ltr'><strong>volunt</strong></span> <span class='ocrx_word' id='word_1_241' title='bbox 1785 2601 1811 2661; x_wconf 66' lang='lat'><strong>),</strong></span> <span class='ocrx_word' id='word_1_242' title='bbox 1837 2613 1866 2647; x_wconf 90' lang='lat' dir='ltr'><strong>e</strong></span> 
     </span>
     <span class='ocr_line' id='line_1_31' title="bbox 295 2656 1882 2741; baseline 0.006 -30"><span class='ocrx_word' id='word_1_243' title='bbox 295 2656 524 2711; x_wconf 88' lang='lat' dir='ltr'><strong>Cimelio</strong></span> <span class='ocrx_word' id='word_1_244' title='bbox 556 2659 747 2730; x_wconf 78' lang='lat' dir='ltr'><strong>Regio,</strong></span> <span class='ocrx_word' id='word_1_245' title='bbox 811 2659 1008 2730; x_wconf 88' lang='lat' dir='ltr'><strong>Liquet</strong></span> <span class='ocrx_word' id='word_1_246' title='bbox 1036 2661 1175 2712; x_wconf 90' lang='lat' dir='ltr'><strong>enim</strong></span> <span class='ocrx_word' id='word_1_247' title='bbox 1214 2677 1277 2714; x_wconf 87' lang='lat' dir='ltr'><strong>ex</strong></span> <span class='ocrx_word' id='word_1_248' title='bbox 1313 2661 1575 2737; x_wconf 82' lang='lat' dir='ltr'><strong>superiore</strong></span> <span class='ocrx_word' id='word_1_249' title='bbox 1608 2683 1882 2741; x_wconf 85' lang='lat' dir='ltr'><strong>computo·</strong></span> 
     </span>
     <span class='ocr_line' id='line_1_32' title="bbox 294 2733 1866 2807; baseline 0.006 -24"><span class='ocrx_word' id='word_1_250' title='bbox 294 2749 487 2784; x_wconf 88' lang='lat' dir='ltr'><strong>annum</strong></span> <span class='ocrx_word' id='word_1_251' title='bbox 509 2733 648 2783; x_wconf 88' lang='lat' dir='ltr'><strong>hunc</strong></span> <span class='ocrx_word' id='word_1_252' title='bbox 677 2741 709 2787; x_wconf 78' lang='lat' dir='ltr'><strong>c</strong></span> <span class='ocrx_word' id='word_1_253' title='bbox 726 2749 899 2786; x_wconf 81' lang='lat' dir='ltr'>LXXX</span> <span class='ocrx_word' id='word_1_254' title='bbox 915 2756 933 2788; x_wconf 91' lang='lat'>1</span> <span class='ocrx_word' id='word_1_255' title='bbox 952 2753 988 2786; x_wconf 92' lang='lat'><strong>1.</strong></span> <span class='ocrx_word' id='word_1_256' title='bbox 1027 2734 1185 2807; x_wconf 84' lang='lat' dir='ltr'><strong>plane</strong></span> <span class='ocrx_word' id='word_1_257' title='bbox 1202 2739 1431 2792; x_wconf 87' lang='lat' dir='ltr'><strong>incidere</strong></span> <span class='ocrx_word' id='word_1_258' title='bbox 1455 2741 1508 2791; x_wconf 88' lang='lat' dir='ltr'><strong>in</strong></span> <span class='ocrx_word' id='word_1_259' title='bbox 1536 2758 1729 2793; x_wconf 86' lang='lat' dir='ltr'><strong>annum</strong></span> <span class='ocrx_word' id='word_1_260' title='bbox 1766 2745 1866 2797; x_wconf 85' lang='lat' dir='ltr'><strong>Ur-</strong></span> 
     </span>
     <span class='ocr_line' id='line_1_33' title="bbox 302 2805 1873 2871; baseline 0.008 -14"><span class='ocrx_word' id='word_1_261' title='bbox 302 2805 383 2858; x_wconf 86' lang='lat' dir='ltr'><strong>bis</strong></span> <span class='ocrx_word' id='word_1_262' title='bbox 408 2811 595 2862; x_wconf 78' lang='lat' dir='ltr'><strong>Romae</strong></span> <span class='ocrx_word' id='word_1_263' title='bbox 624 2827 662 2862; x_wconf 88' lang='lat' dir='ltr'>D</span> <span class='ocrx_word' id='word_1_264' title='bbox 684 2827 717 2862; x_wconf 88' lang='lat' dir='ltr'><strong>c</strong></span> <span class='ocrx_word' id='word_1_265' title='bbox 737 2827 770 2862; x_wconf 89' lang='lat' dir='ltr'><strong>c</strong></span> <span class='ocrx_word' id='word_1_266' title='bbox 792 2827 825 2863; x_wconf 88' lang='lat' dir='ltr'><strong>c</strong></span> <span class='ocrx_word' id='word_1_267' title='bbox 845 2828 878 2863; x_wconf 87' lang='lat' dir='ltr'><strong>c</strong></span> <span class='ocrx_word' id='word_1_268' title='bbox 894 2826 926 2859; x_wconf 89' lang='lat' dir='ltr'>x</span> <span class='ocrx_word' id='word_1_269' title='bbox 943 2826 975 2860; x_wconf 82' lang='lat' dir='ltr'><strong>x</strong></span> <span class='ocrx_word' id='word_1_270' title='bbox 996 2828 1012 2861; x_wconf 88' lang='lat'>1</span> <span class='ocrx_word' id='word_1_271' title='bbox 1033 2830 1069 2862; x_wconf 89' lang='lat'><strong>1.</strong></span> <span class='ocrx_word' id='word_1_272' title='bbox 1105 2810 1196 2865; x_wconf 88' lang='lat' dir='ltr'><strong>M..</strong></span> <span class='ocrx_word' id='word_1_273' title='bbox 1219 2811 1425 2866; x_wconf 88' lang='lat' dir='ltr'><strong>Aurelii</strong></span> <span class='ocrx_word' id='word_1_274' title='bbox 1449 2819 1504 2867; x_wconf 85' lang='lat'>&amp;</span> <span class='ocrx_word' id='word_1_275' title='bbox 1531 2815 1593 2870; x_wconf 85' lang='lat' dir='ltr'><strong>L.</strong></span> <span class='ocrx_word' id='word_1_276' title='bbox 1624 2819 1752 2871; x_wconf 89' lang='lat' dir='ltr'><strong>Veri</strong></span> <span class='ocrx_word' id='word_1_277' title='bbox 1774 2817 1873 2869; x_wconf 40' lang='lat' dir='ltr'><strong>der</strong></span> 
     </span>
     <span class='ocr_line' id='line_1_34' title="bbox 301 2882 1884 2949; baseline 0.008 -16"><span class='ocrx_word' id='word_1_278' title='bbox 301 2884 494 2934; x_wconf 86' lang='lat' dir='ltr'><strong>cimum</strong></span> <span class='ocrx_word' id='word_1_279' title='bbox 528 2906 538 2935; x_wconf 73' lang='grc' dir='ltr'><strong><em>ι</em></strong></span> <span class='ocrx_word' id='word_1_280' title='bbox 575 2882 858 2934; x_wconf 87' lang='lat' dir='ltr'><strong>undecimo</strong></span> <span class='ocrx_word' id='word_1_281' title='bbox 886 2885 1022 2935; x_wconf 88' lang='lat' dir='ltr'><strong>enim</strong></span> <span class='ocrx_word' id='word_1_282' title='bbox 1041 2884 1097 2938; x_wconf 92' lang='lat' dir='ltr'><strong>L.</strong></span> <span class='ocrx_word' id='word_1_283' title='bbox 1117 2885 1282 2940; x_wconf 88' lang='lat' dir='ltr'><strong>Verus</strong></span> <span class='ocrx_word' id='word_1_284' title='bbox 1312 2884 1446 2938; x_wconf 91' lang='lat' dir='ltr'><strong>obiit</strong></span> <span class='ocrx_word' id='word_1_285' title='bbox 1463 2927 1482 2949; x_wconf 86' lang='lat'><em>,</em></span> <span class='ocrx_word' id='word_1_286' title='bbox 1508 2903 1568 2941; x_wconf 90' lang='lat' dir='ltr'><strong>ut</strong></span> <span class='ocrx_word' id='word_1_287' title='bbox 1587 2893 1771 2943; x_wconf 63' lang='lat' dir='ltr'><strong>auctot-</strong></span> <span class='ocrx_word' id='word_1_288' title='bbox 1793 2892 1884 2946; x_wconf 74' lang='lat' dir='ltr'><strong>est:</strong></span> 
     </span>
     <span class='ocr_line' id='line_1_35' title="bbox 305 2956 1874 3036; baseline 0.008 -29"><span class='ocrx_word' id='word_1_289' title='bbox 305 2956 638 3030; x_wconf 88' lang='lat' dir='ltr'><strong>Capitolinus</strong></span> <span class='ocrx_word' id='word_1_290' title='bbox 665 2958 719 3008; x_wconf 88' lang='lat' dir='ltr'><strong>in</strong></span> <span class='ocrx_word' id='word_1_291' title='bbox 748 2956 856 3027; x_wconf 87' lang='lat' dir='ltr'><strong>ejus</strong></span> <span class='ocrx_word' id='word_1_292' title='bbox 884 2958 993 3009; x_wconf 81' lang='lat' dir='ltr'><strong>vita</strong></span> <span class='ocrx_word' id='word_1_293' title='bbox 1013 3002 1028 3025; x_wconf 85' lang='lat'>,</span> <span class='ocrx_word' id='word_1_294' title='bbox 1057 2975 1175 3032; x_wconf 85' lang='lat' dir='ltr'><strong>pag.</strong></span> <span class='ocrx_word' id='word_1_295' title='bbox 1198 2981 1273 3033; x_wconf 80' lang='lat'><strong>39.</strong></span> <span class='ocrx_word' id='word_1_296' title='bbox 1308 2968 1462 3016; x_wconf 77' lang='lat' dir='ltr'><strong>Vixit</strong></span> <span class='ocrx_word' id='word_1_297' title='bbox 1476 2973 1619 3018; x_wconf 57' lang='lat' dir='ltr'><strong>anna·</strong></span> <span class='ocrx_word' id='word_1_298' title='bbox 1643 2966 1874 3036; x_wconf 77' lang='lat' dir='ltr'><strong>quadra--</strong></span> 
     </span>
    </p>

    <p class='ocr_par' dir='ltr' id='par_1_6' title="bbox 238 3027 1877 3117">
     <span class='ocr_line' id='line_1_36' title="bbox 238 3027 1877 3117; baseline 0.009 -35"><span class='ocrx_word' id='word_1_299' title='bbox 238 3079 241 3082; x_wconf 76' lang='grc'>,</span> <span class='ocrx_word' id='word_1_300' title='bbox 300 3038 451 3108; x_wconf 74' lang='lat' dir='ltr'><strong>ginta.</strong></span> <span class='ocrx_word' id='word_1_301' title='bbox 492 3027 695 3087; x_wconf 73' lang='lat' dir='ltr'><strong>duobus.</strong></span> <span class='ocrx_word' id='word_1_302' title='bbox 751 3038 1044 3105; x_wconf 77' lang='lat' dir='ltr'><strong>Imperavit</strong></span> <span class='ocrx_word' id='word_1_303' title='bbox 1086 3053 1205 3117; x_wconf 73' lang='lat' dir='ltr'><strong>¹cum</strong></span> <span class='ocrx_word' id='word_1_304' title='bbox 1231 3034 1401 3105; x_wconf 75' lang='lat' dir='ltr'><strong>frat-re</strong></span> <span class='ocrx_word' id='word_1_305' title='bbox 1439 3047 1583 3113; x_wconf 59' lang='lat' dir='ltr'><strong>annis</strong></span> <span class='ocrx_word' id='word_1_306' title='bbox 1626 3038 1877 3098; x_wconf 73' lang='lat' dir='ltr'><strong>undecim..</strong></span> 
     </span>
    </p>
   </div>
  </div>
 </body>
</html>
