2228 3428
656 215 1364 271 ILLUSTRATI.
1818 233 1892 286 ¹¹5

242 291 747 348 ADVENTVI.
784 291 987 345 AVG.
1035 288 1742 356 CAPPADOCIAE,
1778 293 1832 341 &

241 368 886 422 RESTITVTORI
953 364 1631 419 CAPPADOCIAE.
1696 366 1745 418 S.
1813 365 1881 418 C.

317 443 476 496 Occo
503 444 556 494 in
584 440 888 505 Hadriam,
917 454 1035 511 pag.
1075 457 1205 505 230.
1238 442 1292 490 ὃς
1335 456 1455 505 231.

239 519 407 576 EXE
431 523 496 575 R.
562 515 780 572 CAPP
801 512 919 567 AD
943 514 996 566 O
1018 511 1101 567 CI
1125 512 1238 567 CV
1261 515 1310 567 S.
1372 511 1692 581 Hadriani,
1750 515 1891 590 apud

317 591 689 666 Spanhemium
711 630 726 653 ‚
755 604 871 660 pag.
895 594 1008 658 843.

174 670 338 726 CAP
363 667 491 722 VA.
534 666 671 719 Vide
699 676 800 721 KA
826 673 1058 723 ΠΥΑΝ
1081 674 1212 722 ΩΝ.

174 746 223 801 C
244 746 292 799 A
313 747 363 800 R
382 744 419 797 P
445 742 469 794 Ι
494 740 540 792 C
564 741 614 794 A
656 743 705 795 V
724 742 747 793 I
772 739 883 793 CT
903 740 956 794 O
978 744 1029 795 R
1046 742 1069 794 I
1087 742 1151 794 A.
1183 740 1450 794 Nummus
1466 735 1695 809 Philippi
1711 739 1894 807 Patris,

322 833 478 889 quem
498 816 686 882 occo,
713 831 830 888 pag.
862 836 984 886 439.
1012 818 1097 869 VI
1121 817 1233 871 CT
1257 815 1372 868 OR
1391 815 1410 866 I
1432 813 1481 864 A
1534 814 1895 869 CARDICA

318 906 591 965 perperam
617 888 758 963 legit.
811 893 970 946 Circa
1000 890 1183 944 Istrum
1216 889 1377 960 Carpi
1400 885 1578 954 fuere,
1617 888 1797 941 Moesis
1818 891 1894 940 vi-

319 968 451 1032 cini,
478 965 788 1038 Capitolino
805 1007 822 1032 ,
851 965 1132 1018 Ammiano
1152 1011 1166 1035 ‚
1192 962 1420 1035 aliisque.
1443 963 1503 1014 In
1533 964 1799 1015 Pannonia
1817 967 1896 1015 in-

317 1039 543 1108 feriore,
573 1039 895 1108 molernum,
932 1039 1020 1093 lib.
1054 1061 1119 1092 11.
1154 1057 1267 1113 cap.
1299 1057 1331 1089 x
1353 1057 1437 1091 v1.
1492 1039 1552 1089 In
1585 1034 1895 1090 Praefeehira

319 1115 523 1173 Moefiae
539 1159 553 1183 ,
577 1115 933 1169 Constantino
954 1113 1289 1189 Porphyrog.
1318 1110 1406 1165 hb.
1427 1131 1443 1163 1
1465 1132 1500 1165 1.
1527 1111 1687 1164 them.
1717 1132 1750 1165 1.
1767 1131 1885 1188 pag.

215 1207 218 1210 ’
321 1197 411 1263 84.
441 1191 662 1262 Kot'f‘m5.

242 1267 468 1322 VICT
493 1266 769 1322 ORIAE
815 1264 1284 1321 CARPICAE.
1334 1262 1611 1317 VOTIS
1665 1265 1736 1318 X.
1779 1264 1895 1318 De-

320 1342 385 1393 cii
404 1385 418 1408 ,
446 1341 584 1414 apud
604 1344 884 1397 Occonem
902 1382 916 1406 ,
948 1356 1064 1412 pag.
1083 1361 1187 1411 450
1230 1338 1487 1411 Lepidum
1505 1339 1578 1390 est
1611 1339 1757 1410 quod
1778 1356 1896 1390 nar-

318 1431 397 1468 rat
426 1416 710 1488 Vopiscus,
743 1431 864 1487 pag.
913 1435 1033 1483 219.
1060 1414 1127 1466 de
1161 1414 1375 1485 Carpici
1405 1416 1752 1485 cognomine,
1785 1431 1893 1485 quo

316 1487 546 1542 donatus
591 1508 620 1541 a
647 1494 842 1544 Senatu
884 1486 1194 1540 Aurelianus
1223 1484 1486 1559 Augustus
1520 1484 1651 1539 fuit:
1688 1493 1894 1541 Pacato

321 1570 590 1628 Orientem
618 1573 860 1631 Europam
889 1562 1200 1617 Aurelianus
1229 1561 1378 1612 rediit
1407 1561 1597 1624 viftor,
1614 1576 1770 1634 atque
1796 1564 1897 1615 illic

321 1649 596 1709 Carporum
627 1644 788 1710 copias
819 1640 1020 1703 czfflc'xlt
1045 1661 1059 1688 :
1102 1633 1162 1699 ὠ
1189 1637 1446 1689 camillum
1486 1636 1825 1693 CARPICV
1832 1640 1898 1693 M

320 1720 538 1770 Senatus
577 1714 826 1789 absentem
858 1711 1104 1783 vocaffet‚
1135 1710 1384 1783 mandaffi’
1421 1710 1548 1764 illico
1577 1711 1770 1778 fertur.-
1801 1716 1893 1767 Su-

319 1791 489 1864 petest
509 1836 524 1858 ,
546 1794 603 1846 P.
635 1793 699 1846 C.
726 1804 782 1842 ut
803 1807 887 1843 me
920 1793 1076 1842 etiam
1118 1785 1476 1862 Carpisculum
1507 1791 1724 1840 vocetis
1764 1798 1896 1844 Car-

312 1861 551 1939 pisculum
571 1874 694 1922 enim
723 1883 866 1940 genus
897 1863 1211 1918 calciamenti
1229 1862 1451 1938 efflstttz's
1476 1877 1639 1916 notum
1661 1866 1720 1932 est
1731 1905 1748 1926 ,
1770 1864 1900 1936 quod.

319 1959 570 2016 cognomen
597 1944 809 2009 deforme
833 1939 1129 2006 videbatur,
1156 1940 1258 2003 &a

172 2016 220 2069 C
236 2016 284 2068 A
301 2019 414 2072 RT
433 2023 474 2074 E
493 2021 550 2072 N
569 2020 712 2072 ΝΑ.

247 2091 448 2146 COL.
513 2090 965 2146 AVGVSTA.
1012 2089 1391 2146 KARTEN
1414 2089 1557 2149 NA,
1619 2090 1895 2142 Nummus

323 2165 562 2220 Othonis
578 2208 593 2233 ‚
627 2183 654 2218 e
675 2165 946 2219 Thesauro
970 2165 1173 2219 Goltzii
1195 2207 1208 2229 ,
1238 2179 1356 2237 pag.
1410 2186 1434 2218 2
1453 2184 1476 2232 3
1493 2185 1546 2236 7.
1576 2161 1663 2214 ubi
1694 2167 1741 2217 K
1758 2166 1807 2217 A
1827 2168 1895 2221 P-

322 2241 373 2292 C
395 2242 433 2292 E
450 2243 509 2294 N
526 2243 587 2293 N
607 2242 655 2291 A
673 2283 686 2306 ,
719 2255 993 2312 perperam
1023 2238 1260 2289 scribitur
1277 2280 1292 2303 ‚
1317 2255 1433 2289 cum
1453 2253 1512 2288 ut
1541 2238 1780 2289 omittam
1810 2256 1897 2291 ce-

316 2326 426 2365 tera
444 2356 458 2380 ,
492 2316 729 2366 nondum
752 2313 988 2367 Othonis
1008 2330 1122 2363 aevo
1143 2311 1228 2362 hic
1249 2328 1364 2360 mos
1385 2311 1675 2361 obtinuerit
1692 2354 1707 2378 ‚
1730 2314 1777 2366 C
1796 2331 1828 2387 p
1836 2333 1896 2365 ro

317 2394 365 2448 Σ
389 2387 668 2463 pingendi,
687 2404 777 2441 aut
800 2389 1016 2442 Graecas
1037 2404 1153 2437 cum
1172 2386 1368 2438 Latinis
1390 2386 1443 2436 in
1465 2386 1650 2438 eodem
1679 2404 1896 2440 nummo

316 2463 517 2516 litteras
546 2463 812 2535 vocesque
836 2460 1106 2536 jungendi.
1145 2459 1303 2515 Nihil
1345 2459 1432 2513 hic
1479 2464 1690 2516 Arcena
1720 2464 1896 2535 Syriae,

317 2556 477 2611 quam
504 2541 688 2594 Vistor
717 2537 959 2592 Aurelius
983 2540 1173 2593 Arcam
1198 2550 1388 2604 vocat,
1417 2535 1701 2590 Alexandri
1723 2539 1896 2591 Severi

317 2615 456 2687 Imp.
478 2616 675 2687 patria,
695 2616 915 2667 attinet:
953 2612 1041 2664 sed
1071 2629 1127 2664 ea
1157 2628 1320 2684 quam
1352 2619 1598 2663 nummus
1631 2613 1897 2665 coloniam

320 2688 609 2760 Augustam
647 2688 919 2763 appellat:
955 2686 1221 2739 coloniam
1257 2686 1480 2761 Augusti
1540 2686 1767 2753 Plinius,
1804 2687 1896 2742 lib.

320 2782 369 2816 v.
401 2764 517 2818 seer.
550 2789 585 2821 1.
605 2774 874 2821 Cartenna
902 2759 1092 2813 colonia
1127 2764 1333 2837 Augusti
1361 2803 1378 2825 ‚
1408 2761 1531 2837 legio
1551 2762 1766 2837 secunda
1792 2803 1809 2825 ,
1840 2765 1895 2814 in

320 2839 650 2892 Mauretania
687 2836 998 2894 Caesariensr.
1036 2845 1316 2891 Cartennas
1341 2837 1578 2889 coloniam
1604 2852 1759 2890 vocat
1782 2839 1894 2890 An-

324 2914 535 2964 toninus
561 2916 612 2965 in
636 2917 813 2969 Itiner.
850 2918 912 2968 In
944 2911 1160 2966 Notitia
1183 2909 1377 2964 Africa:
1396 2955 1410 2977 ,
1440 2913 1576 2963 inter
1614 2908 1899 2985 Episcopos

324 2988 667 3042 laeffauretaniae
691 2987 874 3044 Caesar.
906 2987 1124 3041 lucidus
1155 2994 1555 3042 Cartennz'tanus.
1580 2987 1767 3041 Hodie
1786 2994 1900 3041 Ao-

326 3061 486 3119 chora.
546 3067 608 3119 ln
630 3062 1003 3121 vetustioribus
1033 3061 1192 3139 paulo
1227 3065 1452 3118 nummis
1483 3062 1679 3137 oppida
1709 3062 1903 3116 Africae

1551 3140 1591 3195 P
1636 3139 1678 3210 ij*
