2228 3428
584 240 1558 360 LECTORI.

249 469 299 523 g
344 460 366 486 -2u
520 469 561 506 7
621 436 730 497 sT
762 428 885 494 haec
917 427 1148 493 dese&a
1167 428 1244 493 ab
1262 431 1495 522 ingenti
1521 428 1856 496 nostrorum
1874 437 1936 496 in

256 518 275 540 ’“
354 524 389 580 3²
432 559 465 580 ν
529 555 534 602 1
612 523 860 588 Plinium
888 525 1463 586 commentariorum
1481 544 1734 611 corpore
1757 530 1936 612 parti-

258 616 271 684 '2
346 620 492 697 :³370
525 632 560 692 „‘
609 615 965 706 culazquam
981 637 1056 677 ne
1073 611 1363 679 volumini
1382 620 1504 700 ejus
1524 616 1704 703 priori
1722 636 1938 678 attexe-

331 712 556 781 ,ψῖ
604 733 834 788 remu3‚
865 713 953 771 uti
983 718 1042 772 ὅτ,
1064 731 1301 799 aequum
1327 704 1642 772 videbatur
1672 759 1692 787 ‚
1727 717 1785 770 &
1816 712 1933 796 pri-

218 827 321 866 mo
346 802 656 866 confilium
689 801 831 866 fuit:
862 799 1028 892 quod
1070 822 1200 889 pars
1239 824 1307 865 ea
1342 798 1705 889 oppidorum
1734 810 1792 863 ὃς
1820 821 1932 887 po-

213 893 492 984 pulorum
521 894 661 961 fitus
696 892 1278 985 descriptionemque
1304 889 1756 982 compleffitur,
1778 913 1933 982 quo-

213 1011 349 1052 rnm
385 986 483 1053 hic
522 1013 804 1055 nummos
838 991 1153 1053 traCtamus
1184 1017 1198 1053 ε
1233 986 1442 1051 datum
1469 984 1529 1048 id
1561 982 1646 1046 est
1674 982 1827 1068 justo
1857 988 1931 1046 ti-

213 1087 401 1163 mori,
422 1089 510 1150 uti
529 1108 755 1167 remur,
774 1106 903 1148 tum
931 1106 1009 1148 ne
1040 1086 1102 1146 in
1131 1077 1484 1172 ampliorem
1512 1100 1682 1168 aequo
1702 1073 1929 1141 molem

213 1171 311 1236 hic
330 1197 525 1240 tomus
546 1177 902 1243 excresceret
918 1209 936 1243 -ε
960 1198 1184 1244 tumne
1212 1171 1448 1258 vz-a'fefpv
1483 1169 1615 1255 k'ppv
1630 1224 1649 1252 ,
1667 1190 1735 1233 ut
1760 1167 1843 1231 est
1862 1172 1928 1233 in

210 1275 523 1335 comm-uni
562 1269 879 1360 proverbio
902 1323 919 1352 ‚
955 1268 1179 1332 factum
1202 1292 1236 1331 a
1275 1266 1450 1330 nobis
1487 1264 1574 1329 ibi
1606 1261 1927 1328 videretur.

203 1363 574 1424 ¹Veneramus
604 1363 887 1451 equidem
918 1364 981 1423 in
1008 1383 1141 1423 earn
1162 1364 1425 1450 primum
1458 1376 1733 1421 mentem
1760 1353 1928 1416 idcir-

205 1471 283 1511 co
305 1504 323 1532 ‚
357 1452 524 1543 quod
556 1476 622 1516 ex
661 1459 919 1517 nummis
951 1451 1276 1539 plurimum
1313 1444 1708 1538 Geographiae
1728 1498 1744 1525 ,
1764 1441 1926 1508 haud

206 1542 388 1629 paulo
421 1542 548 1635 plus
577 1542 822 1609 viciffim
864 1541 998 1634 ipsis
1037 1566 1104 1606 ex
1142 1538 1524 1634 Geographia
1565 1535 1926 1628 intelligere·

205 1657 337 1698 mus
373 1635 515 1701 lucis
554 1637 935 1703 accessurum.
972 1633 1085 1701 Sed
1117 1638 1305 1700 crevit
1333 1687 1352 1716 ,
1381 1655 1447 1696 ut
1489 1630 1561 1696 fit
1578 1685 1596 1713 ,
1622 1652 1773 1719 opus
1818 1628 1922 1694 sub

201 1728 450 1795 incude:
483 1754 682 1822 neque
725 1729 1085 1823 populorum
1124 1727 1314 1793 modo
1350 1731 1600 1789 nomina
1642 1721 1927 1805 indicari,

200 1819 745 1916 appellationesque
776 1830 991 1906 varias,
1010 1820 1110 1886 sed
1140 1832 1198 1886 δε
1226 1818 1599 1913 singulorum
1635 1814 1775 1880 fitus
1808 1814 1922 1879 sta-

200 1919 324 1994 tui,
351 1923 761 2003 praerogativas
787 1973 805 2000 ,
828 1921 983 2004 jura⁹
1001 1937 1368 1996 conventus,
1388 1909 1806 2002 Magistratus,
1841 1905 1924 1970 sa-

199 2026 318 2084 cra,
337 2005 505 2066 ludos
523 2057 540 2082 ,
554 2003 803 2081 foedera,
821 2033 956 2071 aeras
970 2060 984 2080 ,
1006 2006 1300 2095 explanari
1316 2006 1588 2068 duximus
1609 2022 1920 2090 oportere:

200 2098 490 2182 quoniam
517 2117 581 2154 ea
615 2091 744 2155 sunt
763 2096 923 2154 miris
946 2095 1216 2151 involuta
1239 2093 1598 2185 ambagibus
1615 2093 1642 2172 ,‘
1658 2114 1857 2182 neque
1884 2115 1921 2154 a

197 2205 512 2274 quoquam
550 2204 689 2245 ante
730 2206 841 2244 nos
871 2234 888 2262 ‚
918 2184 1006 2240 uti
1045 2185 1314 2268 oportuit
1337 2233 1355 2260 ,
1387 2192 1697 2264 extricata,
1733 2195 1792 2247 &
1825 2207 1921 2246 ea„

197 2276 334 2338 dem
358 2298 559 2339 tamen
577 2330 593 2356 ,
613 2271 658 2338 si
679 2273 1015 2366 quidquam
1029 2269 1190 2333 aliud
1208 2275 1269 2334 in
1288 2269 1496 2334 litteris
1522 2274 1921 2364 numinisque,

193 2364 516 2432 hominum
536 2372 784 2460 ingeniis
808 2377 867 2430 &
887 2365 1307 2429 exercitatione
1328 2361 1678 2455 digniffima.
1707 2369 1923 2456 Itaque

193 2455 445 2547 spartam
474 2459 629 2523 hanc
660 2459 706 2523 si
739 2456 1141 2524 exornandam
1173 2453 1586 2548 susciperemus
1605 2511 1623 2538 ‚
1643 2466 1704 2520 &
1723 2457 1918 2547 operae

192 2558 454 2639 pretium
483 2553 544 2617 id
574 2551 761 2618 visum
791 2552 874 2615 est
912 2547 1181 2615 futurum
1212 2604 1231 2631 ,
1256 2573 1370 2613 nec
1407 2547 1583 2613 nobis
1614 2604 1632 2631 ‚
1662 2570 1727 2612 ut
1771 2570 1916 2615 tunc

195 2665 320 2705 erat
349 2667 538 2734 genus
578 2644 909 2708 studiorum
935 2641 1276 2706 nostrorum
1305 2644 1369 2705 in
1400 2639 1571 2707 Plinii
1604 2661 1916 2729 ssaejgagps·

190 2734 352 2810 μένοις
379 2734 731 2800 illustrandis
761 2737 1149 2800 vehementer
1179 2729 1499 2823 operosum
1524 2787 1544 2814 ‚
1585 2746 1643 2799 ὃς
1670 2732 1913 2799 eruditis

196 2825 460 2918 denique
492 2883 509 2909 ,
548 2835 753 2919 reique
789 2832 1135 2891 nummariae
1179 2825 1448 2890 studiofis
1474 2881 1491 2907 ‚
1524 2827 1916 2893 vehementer

193 2916 329 2982 sane
356 2943 463 3008 per
486 2917 539 2983 le
562 2920 979 3009 expetendum.
1014 2921 1080 2983 Id
1109 2942 1253 2981 vero
1279 2917 1564 3010 longioris
1589 2943 1781 3009 operae
1801 2918 1915 2983 effe

194 3018 463 3100 oportuit
477 3067 494 3094 ,
515 3035 697 3105 quam
722 3035 788 3081 ut
810 3011 1153 3104 appendicis
1175 3010 1250 3076 ad
1277 3005 1564 3079 Plinianas
1593 3017 1799 3102 prioris
1821 3034 1912 3075 to-

1537 3110 1573 3171 ἴ
