2228 3428
284 218 365 278 94
756 192 1083 249 NUMMI
1147 190 1589 266 ANTIQUI

437 280 481 326 K
497 282 542 326 O
561 279 583 322 I
601 280 648 325 N
664 279 710 325 O
726 279 788 324 N.
819 271 1043 324 Nummi
1081 264 1198 320 sunt
1224 265 1278 318 hi
1305 267 1519 339 Trajani
1557 272 1609 318 ὃ(
1630 267 1922 335 Hadriani,
1953 270 2012 319 in

440 343 668 397 Cimelio
703 345 877 416 Regio
898 387 911 410 ,
932 361 1047 394 cum
1067 341 1251 415 templi
1272 339 1461 414 effigie.
1492 339 1784 411 Hadriani,
1814 346 1866 395 in
1887 346 2012 396 Mu-

434 418 520 469 seo
537 417 748 472 nostro:
771 432 811 475 A
829 429 873 475 Υ
890 431 946 474 T.
984 430 1028 476 K
1048 430 1126 474 AI
1149 429 1202 475 C.
1248 429 1394 473 TPA.
1441 427 1815 475 AAPIANOC.
1856 431 1941 476 BE
1962 429 2014 473 I-

438 501 540 548 ΘΥ
557 504 640 550 NI
660 506 703 548 A
720 505 778 551 C.
829 494 1034 552 Sabinae
1054 535 1070 560 ‚
1089 491 1227 565 apud
1260 494 1485 546 Tristan.
1525 507 1658 545 tom.
1710 514 1747 545 1.
1781 510 1895 567 pag.
1924 514 2014 564 533.

438 585 559 619 cum
587 567 734 620 simili
757 567 869 620 fere
901 571 1072 621 icone.
1100 567 1300 635 Plinio,
1324 564 1411 622 lib.
1447 588 1494 622 V.
1518 567 1641 620 ‘sech
1664 585 1745 621 XL
1767 587 1783 620 1
1805 586 1880 621 ΙΙ.
1919 574 2017 624 Bi-

443 641 617 717 thynia
645 646 932 715 provincia.

361 719 814 779 ADVENTV
840 721 879 770 I.
922 720 1124 775 AVG.
1171 718 1724 771 BITHYNIAE.
1767 722 1821 771 δέ

363 793 1033 848 RESTITVTORI.
1078 793 1626 846 BITHYNIAE.
1660 793 1959 859 Hadriani,
1988 809 2016 846 e

445 867 676 919 Cimelio
701 870 892 938 Regio.
942 865 1188 921 Eusebius
1211 870 1263 919 in
1303 867 1575 919 Chronico
1611 869 1676 918 de
1708 865 1982 920 Hadriano
2005 893 2016 921 ε

440 943 581 1000 Ao'w's
614 945 672 996 N
680 941 919 1010 ικορωῗὲὶια»
951 941 1125 1016 ο-εισμῷ
1155 942 1518 1010 χριπωῆωθεῖσαν
1543 987 1555 1010 ,
1583 944 1622 1002 (ε’
1648 945 1702 996 Ν
1712 950 1841 1010 [ww
1862 944 2022 1001 ’πόλεις

439 1024 635 1083 Βιθυνίας
657 1018 893 1094 ῃ-ςῆμαστν
911 1019 1176 1082 οἰνειῑήσατο.
1206 1019 1322 1089 Ipse
1350 1018 1705 1071 Nicomediam
1735 1033 1872 1070 terrie
1890 1035 2021 1070 motu

441 1085 704 1166 collapsam}
723 1135 739 1156 ,
767 1090 828 1155 <9²0
854 1100 1126 1158 Nicaeam³
1154 1092 1407 1172 Bithynice
1431 1101 1662 1148 civitates
1681 1134 1697 1155 2
1717 1094 2019 1171 sumptusiw

440 1172 757 1238 instauravit.

363 1257 397 1301 B
414 1258 435 1302 I
454 1255 498 1299 Θ
514 1257 555 1300 Υ
574 1259 620 1302 Ν
638 1257 659 1301 Ι
681 1257 730 1302 Ω
748 1258 808 1301 N.
854 1245 933 1297 M.
976 1243 1175 1297 Aurelii
1202 1247 1413 1297 nummi.

291 1324 331 1374 B
354 1321 436 1375 IL
453 1323 492 1372 B
511 1324 534 1374 I
554 1321 639 1372 LI
665 1323 713 1373 S.
762 1321 849 1371 IT
867 1320 914 1372 A
931 1319 1008 1371 LI
1029 1320 1075 1371 C
1093 1319 1157 1371 A.
1187 1321 1326 1372 Duae
1353 1316 1500 1370 simul
1536 1317 1805 1390 Hispaniae
1836 1319 2016 1370 civita-

437 1410 515 1447 tes
549 1396 601 1445 in
628 1395 819 1446 eodem
851 1411 1071 1445 nummo
1097 1394 1256 1458 cusae‚
1296 1393 1534 1466 Augusto
1569 1394 1812 1465 Principe
1832 1436 1845 1459 ,
1875 1392 2020 1466 apud

437 1471 685 1523 Patinum
707 1512 721 1534 ,
738 1483 866 1540 pag.
894 1487 963 1540 35.
984 1485 1123 1519 nunc
1153 1470 1207 1518 in
1232 1468 1460 1521 Cimelio
1483 1469 1673 1538 Regio,
1698 1468 1764 1519 Et
1794 1465 1879 1517 illa
1902 1470 2016 1538 qui-

439 1542 559 1596 dem
580 1542 840 1597 Martialis
872 1551 1044 1615 poe'tae
1072 1541 1332 1594 natalibus
1361 1543 1499 1593 clara
1522 1586 1538 1610 ,
1565 1547 1618 1593 &
1654 1539 1878 1591 ferrariis
1899 1541 2017 1593 offi-

439 1619 596 1685 ciniS‚
624 1631 682 1668 ut
708 1617 939 1669 dicemus
960 1617 1025 1668 ad
1049 1618 1203 1670 Plinii
1234 1615 1322 1671 lib.
1356 1636 1434 1669 xx
1453 1635 1518 1668 xi
1541 1636 1587 1668 v.
1618 1614 1732 1668 sed.
1765 1634 1850 1669 XL
1869 1637 1904 1669 1.
1928 1620 2019 1673 De

439 1693 638 1758 altera,
667 1691 755 1743 suo
779 1690 903 1742 loco
927 1710 1067 1746 mox.
1096 1693 1326 1745 Italicam
1357 1688 1458 1744 effe
1497 1689 1709 1743 Bilbilin
1738 1688 1900 1762 ipsam
1925 1708 2015 1764 ap-

444 1766 690 1839 pellatam
709 1811 722 1833 ,
756 1764 1058 1818 existimasse
1094 1770 1304 1820 Patinus
1331 1768 1569 1832 videtur,
1598 1781 1772 1816 errore
1802 1762 1946 1819 falso,

363 1843 585 1899 MVN.
625 1843 741 1896 AV
762 1842 881 1895 GV
902 1844 932 1896 S
953 1844 1003 1894 T
1025 1843 1091 1894 A.
1130 1843 1454 1896 BILBILIS.
1490 1842 1549 1893 L.
1590 1841 1775 1895 COR.
1820 1841 1866 1893 C
1887 1841 1934 1892 A
1954 1842 2017 1897 L..

440 1920 498 1973 D
525 1918 596 1971 O.
637 1917 698 1971 L.
746 1919 776 1970 S
798 1918 909 1969 EM
933 1919 991 1970 P.
1034 1919 1355 1972 RVLLO.
1400 1917 1569 1972 IIVI
1591 1920 1654 1970 R.
1699 1918 1758 1966 In
1779 1916 2019 1985 parteal-

440 2007 580 2044 tera:
623 1993 1127 2047 AVGVSTVS.
1180 1994 1367 2047 DIVI.
1418 1993 1475 2044 F.
1513 1990 1741 2044 PATE
1766 1992 1831 2044 R.
1877 1991 1916 2043 P
1940 1992 2014 2044 A-

440 2068 490 2117 T
506 2070 555 2120 R
575 2069 597 2118 I
618 2068 728 2121 ΑΕ.
759 2068 799 2120 E
826 2066 1012 2120 Museo
1033 2067 1230 2120 nostro.

365 2143 598 2197 MVN.
641 2142 846 2196 AVG.
888 2142 1212 2198 BILBIL.
1252 2142 1316 2195 C.
1354 2140 1642 2196 CORN.
1706 2141 2013 2197 REFEC.

438 2220 521 2273 M.
561 2218 618 2269 H
639 2217 679 2267 E
698 2216 823 2269 LV.
868 2219 905 2269 F
927 2219 1122 2271 RON
1141 2219 1209 2267 T.
1256 2219 1317 2267 In
1355 2232 1553 2266 corona
1589 2215 1779 2265 deinde
1813 2215 1982 2265 laurea
2000 2259 2016 2281 ‚

441 2291 466 2342 I
486 2292 572 2342 IV
590 2291 614 2341 I
635 2292 700 2342 R.
721 2297 1065 2356 Municipium
1081 2292 1302 2361 Augusta
1332 2285 1553 2341 Bilbilis.
1586 2294 1644 2341 C.
1668 2286 1889 2341 Cornelio
1915 2297 2015 2342 Re-

428 2362 593 2431 feHO,
613 2370 704 2416 M.
731 2363 935 2419 Helvio
963 2372 1235 2426 Frontone,
1258 2368 1576 2419 Duumviris.
1604 2365 1679 2414 At
1706 2363 1871 2416 Corn.
1899 2366 2011 2418 Ru-

442 2439 557 2504 fus,
576 2440 628 2489 in
654 2441 908 2492 Romanis
940 2437 1232 2492 Annalibus
1261 2438 1424 2511 saepe:
1468 2438 1635 2491 Corn.
1665 2441 2013 2511 Repentint15‚

442 2513 732 2566 interdum:
767 2511 1045 2581 Refefflsiis,
1069 2514 1296 2566 necdum
1334 2512 1486 2564 nobis
1519 2516 1767 2566 occurrit.

368 2588 747 2645 AVGVSTA.
799 2590 835 2640 B
861 2591 943 2643 IL
963 2591 1001 2641 B
1020 2592 1041 2642 I
1063 2591 1105 2644 L
1126 2592 1146 2642 I
1168 2591 1214 2642 S.
1234 2588 1400 2661 Apud
1418 2588 1693 2642 Goltzium
1717 2631 1730 2655 ,
1758 2593 2012 2660 pag.166.

292 2675 366 2721 BI
387 2671 491 2725 ΣΑ
511 2673 648 2718 ATI
671 2676 719 2721 Ω
741 2679 803 2722 Ν.
841 2670 895 2719 ln
923 2666 1141 2716 nummis
1178 2664 1481 2717 Goltzianis
1515 2681 1543 2716 e
1572 2664 1777 2716 Graecia
1806 2677 1978 2714 vetere
1995 2705 2010 2729 ,

442 2755 542 2811 pro
572 2750 607 2793 Β
626 2750 647 2793 Ι
667 2753 705 2798 C
725 2750 888 2797 AAT
909 2753 958 2798 Ω
978 2754 1039 2797 N.
1086 2739 1255 2796 Plinio
1284 2783 1298 2807 ‚
1330 2736 1420 2792 lib.
1455 2761 1473 2793 1
1496 2759 1542 2792 v.
1582 2738 1695 2793 sech
1724 2756 1857 2791 xvu.
1890 2746 2013 2790 Gens

439 2813 670 2887 Blsstltae·
689 2815 960 2887 Stephano
982 2841 991 2869 :
1011 2816 1281 2885 Βισυέλτιοι,
1309 2815 1503 2886 ’πόλιςόῥ
1526 2816 1652 2892 χέρρι
1672 2819 1957 2875 Μακεδὶνιάς
1977 2854 2008 2866 ..

438 2889 655 2947 π’ἐθνικόν
673 2936 685 2958 ,
712 2891 969 2954 Βισαῖλτης.
1011 2894 1249 2964 Equum,
1281 2897 1334 2944 δε
1361 2891 1648 2943 adstantem
1682 2908 1800 2941 cum
1830 2886 2008 2958 jaculo

438 2965 657 3019 militem
678 3011 690 3032 ,
708 2968 794 3019 hic
817 2984 1060 3019 nummus
1079 2964 1303 3040 praefert.
1324 2968 1454 3019 Sunt
1480 2971 1531 3019 &
1553 2964 1741 3037 quibus
1758 2962 2010 3035 insculpta

440 3038 588 3110 galea
604 3084 619 3110 ,
645 3040 957 3099 Thessalicae
985 3042 1415 3099 Macedonicaeve
1440 3041 1644 3096 virtutis
1669 3040 1882 3111 infigne.
