2228 3428
725 233 1555 306 ILLUSTRATLQ
1678 302 1688 308 ·
1840 235 1934 301 '213

351 316 501 382 ’ἐπ’
526 315 554 391 ²3
582 314 654 373 τδν
691 317 786 373 mciv
809 312 1119 383 κριταζοίσιον
1144 311 1381 383 (3πέκὲρπ
1409 306 1674 377 9uv‘0wz'pwx
1698 304 1940 367 'et-’votmootk

352 393 663 472 παρεχέρέζμον,
700 389 986 457 ,Ηίεναῑροίῑ
1014 394 1064 439 in
1102 387 1325 458 Phrygia
1348 384 1574 451 templum
1603 396 1710 435 erut
1735 385 1936 451 Apolli,

354 481 426 524 ηπ
447 496 461 523 .·
477 468 651 545 subtus
665 463 970 540 spiraculum
991 477 1104 513 erat
1130 458 1534 532 letz'ferispirz'tus.
1566 462 1735 511 Vetus
1753 457 1935 513 inseri.

321 587 323 589 r
355 549 471 620 ptio
494 558 697 618 reperta
712 538 1026 614 Hierapoli,
1044 536 1198 589 allata
1224 553 1253 587 a
1272 535 1471 608 Sponio
1488 576 1501 600 ,
1519 535 1571 585 in
1593 534 1717 587 Iti-n.
1735 534 1935 593 Athen,

392 639 419 672 a
462 664 472 675 .
515 642 534 675 1
583 640 633 673 0.
845 672 851 680 ,
959 653 961 655 >

353 638 455 739 ·pg
548 642 1034 752 SAHOAAQNI
1073 695 1599 746 'APXHFHTI-n.

351 773 478 829 Nec
495 761 754 843 Apollinis
780 782 957 819 tamen
989 765 1154 816 modo
1176 809 1190 832 ,
1217 762 1304 814 sed
1331 767 1381 813 ὅ(
1400 762 1598 813 'Matris
1629 759 1809 813 Deum
1840 777 1936 811 nu-

347 865 470 899 men
497 846 623 898 olim
648 843 714 896 ab
747 839 1096 914 -I-Iierapolitis
1129 842 1182 890 in
1210 832 1415 890 honore
1448 835 1707 888 habitum.
1766 834 1939 888 Testis

355 921 582 987 Plinius,
609 919 699 973 lib.
744 939 761 972 1
790 940 833 972 1.
866 916 983 969 sech
1027 931 1169 968 xcv.
1205 912 1373 969 Simila·
1402 910 1537 961 modo
1572 909 1855 977 Hierapoli
1888 917 1941 962 in

352 995 482 1066 Asta
507 991 848 1070 spiraculum,
881 999 1084 1047 Matrv's
1123 1003 1322 1041 tantum
1353 995 1572 1061 Magnae
1589 985 1840 1060 sacerdoti
1860 993 1939 1038 in-

351 1079 564 1126 noxium.
580 1072 722 1133 Vide
749 1074 803 1123 ὃ(
831 1064 1180 1135 Strabonem,
1206 1062 1470 1138 aliosque,
1501 1079 1634 1135 quos
1663 1060 1735 1113 ibi
1754 1060 1939 1136 appel-

352 1146 589 1203 lavimus,
819 1186 824 1203 2
1780 1166 1781 1170 ¹

274 1230 817 1283 1EPAnoAE1T
843 1233 977 1281 ΩΝ.
1023 1227 1460 1278 CMTPNAmN.
1502 1209 1644 1271 Vide
1677 1222 1944 1278 ΣΜΥΡο

352 1313 400 1356 N
419 1313 461 1356 A
483 1312 505 1357 I
536 1314 584 1358 Ω
608 1307 671 1358 N.
760 1307 763 1309 μ
1657 1330 1661 1331 ⁷
1685 1329 1692 1332 <
1761 1329 1769 1332 >

279 1383 306 1430 1
322 1387 358 1432 E
377 1389 411 1432 P
429 1389 471 1433 A
489 1387 538 1433 Π
552 1391 598 1435 O
614 1387 660 1433 A
676 1390 714 1435 E
732 1389 754 1434 I
772 1388 814 1431 T
836 1386 885 1433 Ω
901 1386 963 1432 N.
988 1370 1133 1426 Isidis
1159 1384 1330 1445 typuS.
1360 1370 1437 1424 Ex
1458 1380 1608 1444 parte
1636 1365 1801 1421 altera
1817 1410 1834 1436 ‚
1850 1366 1942 1421 Se-

356 1455 508 1523 rapis,
548 1454 709 1523 Apud
738 1451 1072 1513 Tristanum,
1103 1461 1235 1500 tom.
1277 1466 1296 1499 1
1322 1466 1366 1499 1.
1397 1462 1517 1518 pag.
1545 1450 1642 1513 338.

240 1568 243 1570 ,
275 1534 303 1582 1
318 1535 406 1582 ΕΡ
422 1539 462 1582 Α
482 1536 530 1582 Π
544 1540 591 1584 O
610 1535 656 1582 A
675 1539 708 1583 Ε
727 1538 750 1582 1
769 1538 811 1582 T
831 1536 881 1582 Ω
900 1538 962 1582 Ν.
992 1523 1178 1593 Hygia
1194 1563 1208 1587 ,
1234 1538 1354 1572 cum
1379 1535 1548 1593 angue
1577 1523 1631 1571 &
1645 1516 1947 1590 Telespho-

355 1618 417 1652 ro
435 1645 449 1668 ,
474 1617 533 1653 ut
561 1599 723 1674 supra.
747 1603 824 1655 Ex
848 1613 995 1672 parte
1018 1595 1184 1647 altera
1204 1639 1218 1662 ,
1240 1608 1400 1668 caput
1417 1593 1669 1646 radiatum
1691 1636 1707 1660 ,
1733 1609 1826 1645 ceu
1850 1594 1947 1645 So-

356 1673 443 1729 lis:
479 1676 766 1751 epigraphe
782 1720 796 1743 ,
834 1689 878 1732 Α
896 1685 946 1731 Δ
965 1685 986 1729 I
1003 1686 1039 1730 P
1055 1683 1090 1727 B
1109 1683 1158 1726 H
1173 1684 1219 1729 N
1233 1684 1281 1729 O
1299 1681 1339 1727 C
1360 1693 1371 1723 :
1410 1686 1526 1740 quae
1556 1685 1661 1722 vox
1689 1683 1944 1721 vernacu-

356 1748 406 1802 la
434 1752 895 1825 Hierapolitarum
922 1751 1162 1822 Phrygiae
1189 1747 1367 1820 lingua
1388 1744 1568 1798 Solem
1586 1741 1859 1817 fignificat.
1881 1740 1948 1795 Id

357 1828 499 1879 enim
532 1829 642 1879 veri
670 1826 858 1878 -multo
886 1825 1100 1878 ³fimilius
1131 1823 1206 1875 est
1235 1865 1250 1887 ,
1289 1838 1445 1894 quam
1491 1820 1639 1893 quod
1678 1817 1950 1872 Tristanus

359 1897 542 1967 affert,
564 1904 617 1953 in
644 1899 961 1976 Elagabalo:
985 1897 1125 1956 Adi-r
1150 1898 1290 1949 idern
1312 1891 1414 1948 effe
1432 1910 1597 1967 atque
1623 1891 1808 1956 Adad,
1832 1910 1950 1964 quae

360 1994 469 2028 vox
500 1977 637 2049 Syris
667 1978 842 2029 Sol-em
871 1973 1026 2026 sonat
1052 1997 1062 2026 :
1094 1978 1147 2026 δε
1165 1972 1310 2030 Βῑωδς
1329 1990 1424 2044 pro
1444 1969 1589 2029 Βκλδς
1617 1970 1749 2022 dici:
1785 1967 1951 2022 Adia-

363 2048 536 2103 benen
560 2052 685 2102 item
710 2095 724 2118 ,
754 2069 869 2122 quae
894 2047 1096 2122 Affyria
1115 2049 1189 2100 est
1206 2091 1221 2115 ,
1254 2046 1398 2118 quafi
1420 2047 1727 2103 Adirbenen
1745 2040 1848 2096 effe
1863 2058 1950 2116 ap..

283 2171 287 2175 ,
360 2123 642 2199 pellatam:
671 2143 786 2197 quae
818 2124 1016 2175 somnia
1038 2122 1155 2174 sunt
1181 2124 1291 2173 otio
1325 2121 1712 2173 abuntentium.
1752 2121 1828 2174 At
1855 2133 1949 2190 pe⁴

361 2198 607 2252 cul'iarem
631 2213 791 2272 atque
814 2195 1149 2252 vernaculum
1175 2194 1626 2270 Hierapolitarum
1654 2195 1948 2247 sermonem

362 2270 517 2326 fuiffe
549 2274 779 2345 aliquem
806 2317 821 2340 ,
862 2288 1049 2346 praeter
1097 2272 1348 2324 Graecum
1379 2315 1394 2338 ,
1432 2286 1540 2322 tam
1586 2284 1786 2321 certum
1840 2267 1948 2338 est,

364 2365 523 2418 quam
556 2348 703 2420 quod
732 2347 1068 2401 certissimum
1093 2370 1103 2397 :
1145 2362 1244 2397 nec
1269 2344 1721 2418 Hierapolitarum
1752 2343 1948 2412 modo,

364 2421 456 2476 sed
471 2427 536 2476 ;&
558 2423 905 2497 plurimarum
935 2424 988 2474 in
1022 2422 1227 2472 minore
1250 2418 1369 2474 Asia
1390 2422 1640 2492 gentium.
1663 2421 1858 2473 Auctor
1875 2419 1952 2473 est

365 2499 766 2572 Hieronymus,
798 2500 849 2548 in
884 2498 1146 2571 prooemio
1178 2493 1266 2549 lib.
1303 2518 1345 2549 2.
1375 2497 1588 2552 Comm.
1616 2500 1665 2548 in
1695 2493 1852 2568 Epist.
1884 2495 1952 2547 ad

363 2573 615 2641 Galatam,
635 2592 756 2626 -non
784 2573 960 2646 lingua
990 2584 1198 2624 tantum
1235 2572 1460 2638 Grae-ca,
1499 2571 1588 2624 sed
1618 2578 1671 2626 &.
1700 2568 1953 2644 peculiari

367 2647 531 2700 altera
556 2647 700 2715 usos,
721 2667 836 2721 quae
857 2647 986 2700 esset
1012 2648 1356 2703 Trevirorum
1382 2646 1589 2701 aemula.
1616 2646 1807 2702 Strabo
1823 2690 1837 2714 ,
1861 2642 1951 2700 lib.

368 2737 498 2776 xiv,
523 2740 640 2797 pag.
677 2729 788 2777 662.
820 2724 1017 2776 Carum
1047 2719 1195 2774 fuisse
1221 2721 1450 2794 linguam
1485 2723 1803 2797 peculiarem
1833 2721 1952 2772 scri-

373 2795 479 2863 bit,
509 2800 806 2853 cui‘Graeca
834 2796 1099 2849 vocabula
1123 2796 1286 2847 multa
1315 2796 1481 2849 effent
1505 2798 1754 2850 admixta.
1782 2795 1952 2865 Idem,

371 2887 492 2944 pag.
532 2879 655 2944 678.
686 2890 749 2925 ex
772 2872 990 2946 Ephoro
1029 2871 1221 2936 docet,
1252 2886 1281 2921 e
1311 2868 1532 2922 sedecim
1565 2868 1809 2944 gentibus
1835 2889 1955 2943 qux

373 2948 595 2999 trac‘kum
623 2965 740 2999 eum
762 2947 1030 2999 incoluere
1047 2991 1062 3013 ‚
1089 2959 1192 2996 tres
1210 2945 1546 2998 Graecanicas
1560 2988 1575 3012 ‚
1594 2945 1816 3017 reliquas
1835 2944 1955 2998 fuis·

374 3021 422 3072 se
441 3022 683 3074 barbara-s
703 3047 712 3075 :
733 3020 840 3074 hoc
871 3022 943 3074 est
960 3067 975 3090 ,
1008 3019 1233 3073 barbaro
1254 3064 1267 3086 ‚
1294 3021 1381 3072 suo
1400 3063 1414 3086 ,
1431 3037 1492 3071 ac
1509 3018 1795 3074 vernaculo
1811 3065 1826 3088 ,
1843 3039 1952 3075 non

372 3097 574 3151 Graeco
598 3097 835 3151 sermone
854 3095 983 3152 uso&
1021 3094 1185 3177 Qod
1203 3102 1254 3152 ὃς
1274 3093 1470 3152 Plinius
1494 3096 1662 3157 verbis
1688 3099 1958 3172 conceptis

1583 3170 1702 3228 Dd
1744 3171 1798 3242 113
