2228 3428
755 200 1389 263 ADDENDI:
1797 211 1923 280 5‘7‘5*

248 276 357 354 fine
381 277 571 356 ignibus
594 282 716 335 brat.
741 281 890 335 Idem
906 283 1079 335 auflor
1103 283 1188 350 est,
1211 275 1427 333 vitulum
1444 275 1599 331 matri
1614 276 1716 346 ejus?
1737 294 1915 334 natum

259 362 401 410 mirae
423 357 778 432 magnitudinis
805 399 820 421 ,
853 356 1143 423 candidum,
1158 356 1253 430 sed
1269 352 1647 424 purpurantibus
1668 352 1874 407 macula
1890 402 1910 426 ‚

257 435 340 483 ita
363 448 419 484 ut
441 433 712 486 haberetin
739 431 896 486 latere
927 451 1018 486 uno
1033 451 1215 500 avem,
1248 437 1300 483 in
1333 429 1437 482 alto
1454 449 1690 486 coronam.
1715 439 1792 486 M
1796 431 1935 502 ulta.-

245 506 499 581 stepetflua
519 518 571 563 in
593 509 755 562 eodem
770 507 924 582 legzffi’
944 514 1144 561 memini
1157 532 1172 560 .·
1193 511 1373 578 quippe
1397 514 1485 577 qut'
1499 505 1747 577 affiverat
1758 517 1910 562 etiam

257 582 394 656 rosas
418 592 469 638 in
501 585 705 656 ejusdem
729 585 941 637 mulieris
965 598 1122 647 corte,
1160 590 1227 640 N
1231 588 1347 636 AT
1352 589 1394 637 O
1436 586 1496 634 A
1514 589 1634 638 VR
1650 595 1692 638 E
1708 592 1809 637 LI
1818 591 1908 639 A-

259 664 327 715 N
343 668 386 716 0
406 702 420 723 ,
445 659 583 731 exzffi’
600 675 896 731 purpureas,
922 659 1072 713 odoris
1090 657 1211 732 rosbi
1231 699 1248 723 ,
1270 658 1408 729 floris
1432 663 1584 710 aurei.
1603 666 1823 713 Fuerunt
1842 659 1905 723 <⁷5²-

247 738 415 804 postea
439 736 602 787 multa
628 744 792 789 omina
804 738 922 804 jam
934 733 1180 789 militanti
1194 779 1208 802 ,
1218 731 1385 800 futuri
1399 775 1415 796 ,
1430 747 1485 785 ut
1503 751 1573 785 res
1593 738 1908 807 monstravit,

251 815 447 878 imperii
465 811 685 866 &c.Ve1
703 829 767 865 ex
792 810 902 865 hoc
928 830 1037 864 uno
1066 808 1282 884 Vopisci
1305 810 1431 862 loco
1460 808 1607 882 plura
1638 811 1906 866 Aureliani

251 884 562 937 numismata
590 885 923 959 explanabiS,
953 889 1005 937 in
1033 886 1225 957 quibus
1264 883 1549 958 epigraphe
1577 883 1652 936 est
1673 928 1686 949 ,
1725 887 1754 938 S
1780 887 1832 938 O
1860 888 1904 941 L

250 962 693 1017 DOMINVS
736 963 1108 1017 IMPERII
1151 961 1582 1025 ROMANI,
1608 958 1690 1011 vel
1729 962 1904 1016 SOLI

245 1034 274 1087 I
294 1036 352 1090 N
370 1036 455 1090 VI
472 1036 519 1089 C
534 1039 583 1090 T
605 1039 687 1104 O,
713 1036 1037 1111 insculptave
1064 1035 1262 1108 Aquila
1280 1078 1295 1103 ,
1319 1052 1436 1106 quae
1458 1034 1626 1086 rostro
1650 1052 1907 1092 coronam

243 1125 392 1184 gerat
410 1155 424 1177 ,
443 1126 502 1163 ut
518 1112 660 1184 apud
683 1112 1013 1178 Tristanum,
1043 1125 1175 1163 tom.
1210 1132 1227 1164 1
1255 1134 1271 1167 1
1298 1132 1343 1164 1.
1370 1127 1487 1182 pag.
1515 1131 1628 1181 254.

171 1194 277 1243 ΚΑ
297 1197 377 1243 IC
397 1200 613 1247 ΑΡΕΩ
633 1201 677 1246 Ν
714 1200 773 1244 Τ.
808 1198 876 1245 Π.
914 1200 1060 1246 APF
1080 1198 1246 1245 ΑΙΩ-
1289 1197 1412 1243 TO.
1453 1196 1503 1241 B.
1536 1188 1800 1238 Antonini
1826 1190 1905 1243 Pii

246 1279 517 1329 nummuS,
543 1280 572 1314 e
603 1263 794 1318 Museo
818 1268 866 1317 S.
906 1264 1234 1329 Genovefae,
1267 1265 1320 1313 in
1356 1279 1465 1333 quo
1494 1279 1647 1311 mons
1687 1264 1905 1336 Argaeus

244 1335 534 1410 insculptus
554 1381 568 1404 ,
600 1341 684 1390 cui
705 1338 973 1412 aopofita,
1003 1353 1059 1390 ut
1085 1336 1305 1389 diximus
1342 1381 1355 1400 ‚
1401 1337 1757 1410 Cappadociae
1786 1339 1902 1392 Cae„

243 1406 402 1464 sarea.
448 1414 708 1485 Κοᾳσαρέων
735 1417 772 1471 ῗιῗ
803 1414 935 1485 πύξ
965 1415 1206 1485 Ἀργχῖῳ,
1231 1413 1287 1469 rwx
1312 1411 1364 1476 βΙ
1404 1409 1735 1486 subintelligi·
1767 1428 1904 1472 Νεω-

244 1485 398 1557 κόρων.
437 1490 790 1564 Caestcrt'enfium
816 1497 905 1561 qut
919 1487 1013 1566 sub
1034 1494 1216 1563 Argaea
1235 1531 1249 1551 ,
1268 1496 1441 1539 iterum
1470 1494 1815 1544 ,Neocororum
1840 1494 1902 1545 In

242 1577 440 1635 pagma
462 1569 663 1614 nummi
684 1569 889 1632 antica,
918 1575 1091 1621 ΑΥΤ.
1129 1576 1172 1622 Κ
1192 1579 1231 1620 Α
1251 1577 1272 1621 Ι
1293 1575 1347 1620 C.
1389 1575 1447 1618 T.
1486 1577 1529 1618 A
1553 1574 1575 1617 I
1598 1573 1657 1619 A.
1698 1577 1738 1619 A
1765 1577 1814 1622 Δ
1842 1581 1898 1623 Ρ.

243 1650 289 1692 Α
310 1648 409 1693 NT
424 1651 473 1695 Ω
492 1653 539 1695 Ν
555 1652 590 1695 Ε
606 1652 630 1695 Ι
647 1655 693 1698 Ν
707 1652 755 1698 Ο
770 1642 1145 1712 (ἷ.Αυ’πκροι’πυρ
1163 1648 1342 1712 Καῖσαρ
1360 1639 1494 1695 Thu
1514 1640 1682 1698 Αἴλιος
1700 1641 1900 1711 ’Λίγυσι-

240 1711 306 1767 νδε
335 1715 620 1773 Α’ντωνεῖνος.

164 1795 213 1847 K
227 1799 271 1843 A
289 1797 340 1847 Π
355 1800 400 1846 Υ
419 1806 460 1846 A
475 1803 531 1849 C.
555 1794 824 1846 Nummus
855 1807 884 1844 e
915 1790 1143 1846 Cimelio
1176 1790 1455 1845 Mediceo:
1478 1790 1622 1864 cujus
1644 1790 1696 1840 in
1721 1791 1901 1847 aversa

239 1879 395 1936 parte
417 1882 581 1939 caput
605 1866 754 1920 virile
779 1866 1131 1918 diadematum
1151 1910 1165 1933 ,
1195 1863 1339 1918 forte
1361 1866 1556 1936 Capyis
1588 1865 1895 1924 conditoris,
1925 1881 1939 1892 ‘

238 1940 564 2014 Stephanus:
592 1943 775 2000 Κείπυει
794 1985 808 2009 ,
828 1942 966 2000 πόλις
986 1944 1198 2005 Ἰταλίας
1214 1984 1228 2008 ,
1254 1983 1264 1994 .
1284 1982 1296 1994 .
1320 1983 1330 1995 .
1347 1941 1445 1998 ἐπ’
1465 1940 1656 1998 Kd‘nvos
1679 1939 1713 1996 ὗ
1743 1952 1894 2017 Τρωΐ-

239 2014 332 2073 κοδῖ
369 2023 553 2085 Capua
571 2062 587 2085 ,
615 2017 726 2069 urbs
756 2017 964 2074 Italiae.
980 2061 991 2072 .
1012 2062 1022 2073 .
1041 2041 1075 2071 a
1109 2025 1250 2093 Capy
1274 2021 1506 2088 Trojano.

163 2097 456 2152 KAPNH.
493 2094 554 2145 In
584 2091 786 2145 schedis
815 2092 1003 2164 Pyrrhi
1033 2095 1231 2167 Ligorii
1270 2108 1510 2144 nummus
1539 2091 1643 2157 est,
1675 2090 1816 2163 cujus
1843 2094 1896 2148 in

238 2182 393 2241 parte
415 2186 514 2221 una
534 2183 695 2242 caput
711 2165 971 2242 Apollinis
991 2192 1001 2220 ι
1032 2172 1084 2220 in
1103 2167 1275 2222 aversa
1294 2164 1566 2242 superficie
1587 2164 1769 2240 sagitta
1783 2212 1797 2234 ,
1814 2186 1896 2220 ar-

239 2258 335 2298 cus
349 2286 363 2309 ,
389 2238 653 2316 pharetra.
676 2245 765 2297 Est
784 2241 906 2295 urbs
936 2243 1086 2317 hujus
1101 2244 1326 2296 nominis
1347 2244 1553 2314 gemina
1571 2284 1588 2309 ,
1615 2243 1756 2315 apud
1774 2246 1893 2297 Ste-

237 2316 500 2389 phanum:
527 2319 808 2372 Phoenices
832 2318 1024 2387 altera,
1046 2320 1208 2371 altera
1233 2316 1484 2373 AEolidis.

162 2398 320 2452 KEA
335 2408 377 2450 A.
394 2404 442 2449 Δ
459 2406 509 2456 Ω
532 2407 579 2451 Ν
595 2406 636 2450 A
654 2406 677 2450 I
699 2407 749 2453 Ω
768 2409 827 2452 N.
871 2395 1134 2448 Hadriani
1161 2438 1174 2461 ,
1206 2396 1257 2445 in
1282 2395 1482 2468 Ligorii
1508 2389 1894 2463 Colle&alaeis‚·

235 2471 518 2544 cumJovis
543 2487 604 2521 ac
636 2474 825 2526 Dianae
849 2471 1124 2522 venatricis
1147 2469 1338 2541 effigie.

161 2553 257 2605 ΚΕ
274 2555 321 2602 Λ
337 2558 380 2602 Α
398 2557 422 2604 Ι
439 2556 629 2609 ΘΡΑΙ
648 2558 699 2606 Ω
718 2559 780 2604 N.
808 2548 1015 2612 Severi,
1044 2545 1186 2619 apud
1213 2546 1485 2618 ngorium
1508 2591 1521 2614 ,
1548 2562 1666 2598 cum
1694 2561 1832 2597 arma
1844 2561 1896 2600 ra

237 2619 467 2675 Pallade.
496 2623 818 2694 Stephanus:
851 2623 1098 2689 Κελαλθβα.
1113 2666 1128 2691 ‚
1159 2621 1290 2681 ’πόλις
1308 2622 1511 2687 Βοιωτίοις
1527 2668 1542 2692 ‚
1565 2623 1736 2693 ’''szi'ffi
1758 2638 1820 2683 7²7³>
1842 2648 1892 2684 no

237 2693 324 2752 οἱον
343 2739 358 2760 ‚
387 2697 485 2752 Son)
514 2696 816 2760 Κελοάθβϋυ.

160 2778 266 2826 ΚΛ
283 2780 440 2831 AZO
458 2784 515 2828 M
531 2783 564 2828 Ε
583 2784 690 2828 NH
731 2782 820 2829 ΘΕ
835 2783 895 2826 A.
921 2770 1190 2833 Valeriani
1228 2785 1256 2822 e
1287 2770 1513 2823 Cimelio
1542 2772 1733 2843 Regio,
1767 2773 1890 2824 Mu-

233 2843 411 2899 liebris
435 2846 600 2919 figura
631 2844 772 2898 sedet
790 2890 804 2913 ,
839 2846 1022 2898 dextra
1051 2847 1282 2901 Dianam
1310 2846 1579 2920 Ephesiam
1607 2847 1754 2919 gerit.
1780 2849 1886 2901 Ga

233 2921 350 2974 nius
379 2919 482 2988 ipse
502 2924 727 2974 civitat-is
760 2921 864 2986 est,
896 2938 1016 2973 cum
1045 2921 1330 2972 divinitatis
1353 2925 1727 2996 praerogativa,
1758 2924 1890 2974 utin

234 2991 482 3050 similibus
508 2998 732 3053 nummis
748 3041 761 3062 ‚
798 3007 843 3051 Θ
862 3008 897 3053 Ε
912 3009 955 3052 A
991 3011 1026 3054 P
1045 3008 1095 3054 Ω
1110 3009 1167 3055 Μ
1184 3010 1249 3053 H.

162 3081 841 3133 ΚΛΑΥΔΙΟΠΟΑΕΙ
862 3085 904 3127 T
925 3084 974 3130 Ω
994 3087 1054 3130 Ν.
1099 3072 1354 3126 Hadriani
1385 3089 1657 3143 mmmm,
1689 3074 1745 3127 in
1778 3088 1888 3145 quo

208 3163 333 3203 'uva
357 3148 634 3225 insculpta.
676 3149 717 3204 E
742 3148 968 3204 Cimelio
996 3147 1186 3225 RegiO.
