2228 3428
741 236 1431 303 ILLUSTRATI.
1883 260 1973 310 133

398 303 542 361 callae
571 311 756 363 iterum
777 357 790 378 ‚
818 314 960 385 apud
991 315 1228 365 Patinum
1253 356 1266 378 ,
1299 331 1414 384 pag.
1450 317 1561 381 308.
1604 317 1764 370 Sacrae
1796 311 1857 378 T&
1886 322 1973 368 In.

392 381 603 436 violam>
623 389 888 459 Damasci.
921 389 980 438 In
1003 401 1149 456 parte
1174 384 1343 437 aversa
1377 389 1514 437 intra
1536 405 1785 440 coronam
1813 406 1965 461 quer-

394 475 538 510 ceam
569 505 582 527 ‚
626 474 764 519 (ΖΕΒ
782 475 825 515 Α
843 472 952 516 CM
969 471 991 514 Ι
1012 473 1054 514 Α
1076 502 1089 524 ,
1121 458 1228 510 hoc
1260 460 1333 512 est
1354 502 1368 526 ,
1403 464 1628 534 Augusta
1674 472 1964 519 certamina.

393 534 543 586 Huic
585 535 754 588 finnlis
788 535 862 585 est
904 531 1168 606 Elagabali
1205 531 1338 586 alter
1378 537 1518 607 apud
1560 538 1814 605 eundem,
1846 557 1962 614 pag.

386 629 492 676 334.
532 609 615 662 sed
647 607 820 661 exesus
853 606 940 659 ille
968 607 1180 682 quidem
1206 625 1425 660 :verum
1456 607 1524 660 ad
1546 609 1696 680 hujus
1727 613 1963 666 similitu..

386 685 557 737 dinem
587 681 949 736 resarciendus.

310 772 353 815 K
373 770 492 815 OA.
533 769 582 814 Δ
599 772 637 814 A
657 770 713 815 M
735 770 791 813 A.
835 769 889 813 M
909 769 957 813 H
976 768 1016 811 T
1033 771 1144 815 Po.
1179 757 1441 813 Gordiani
1464 762 1698 831 junioris,

310 835 483 889 COL.
530 837 584 886 D
612 841 655 884 A
675 836 732 886 M
758 835 873 888 AS.
907 835 968 887 M
992 836 1095 889 ET
1115 837 1165 887 R
1187 837 1256 888 O.
1297 834 1963 892 HHFA1.Col0niaeDa-

389 907 542 980 masei
567 909 898 976 Metropoleos
931 917 1123 964 Fontes.
1171 909 1411 964 Otacihae
1453 929 1692 962 nummus
1726 930 1754 964 e
1796 915 1963 987 Regia

390 983 539 1036 Gaza
558 1028 570 1051 ‚
599 986 650 1034 in
678 1003 784 1055 quo
812 1002 962 1056 aquae
992 984 1172 1037 <iustus
1190 985 1297 1056 ejus
1319 988 1542 1037 civitatis
1572 984 1786 1038 exhibet
1813 986 1961 1042 fluvii

298 1089 307 1105 κ
386 1058 580 1132 effigies
615 1056 706 1110 sub
755 1057 956 1132 templo
990 1065 1043 1112 ὅ(
1070 1076 1191 1110 arcu
1231 1061 1450 1133 depffla.
1512 1061 1740 1128 Plinius,
1781 1060 1869 1116 lib.
1913 1083 1961 1120 v.

384 1134 501 1187 sest.
533 1153 610 1187 xv
635 1155 667 1188 1.
707 1133 989 1207 Damastus
1014 1154 1070 1186 ex
1102 1150 1238 1202 epoto
1267 1143 1415 1209 riguis
1451 1153 1596 1188 amno
1632 1133 1959 1211 Chrysorrhoct

367 1208 916 1277 fertili5‘.—Derivat03,
948 1225 1002 1261 ut
1017 1228 1079 1263 ex
1100 1209 1344 1267 Bellonio
1369 1211 1498 1264 teste
1530 1212 1711 1282 οἶιετόηὶὶῃ
1741 1213 1959 1265 diximus

379 1287 433 1336 in
462 1286 624 1340 Notis
651 1284 718 1336 ad
746 1303 862 1337 eum
894 1285 1068 1337 locum
1088 1330 1101 1353 ,
1131 1282 1336 1354 fonte5‚
1363 1289 1414 1338 in
1439 1286 1580 1339 urbis
1597 1287 1732 1340 aedes
1761 1293 1815 1340 &
1834 1287 1959 1339 hor-

380 1375 463 1412 tos
489 1405 502 1428 ,
530 1361 613 1413 hic
645 1379 886 1413 nummus
915 1361 1129 1413 indicat.
1193 1364 1380 1415 Hodie
1412 1368 1636 1416 Damas.
1698 1360 1957 1418 Pausania:

379 1437 553 1488 Graeci
583 1433 846 1507 scriptoris
880 1438 1049 1507 patria
1076 1435 1189 1486 haec
1231 1437 1329 1487 fuit
1357 1481 1371 1503 ,
1410 1440 1483 1488 ita
1516 1438 1776 1509 prodente
1808 1438 1958 1489 Con-

374 1509 528 1565 stant.
559 1508 815 1582 Porphyr.
853 1508 944 1563 lib.
981 1532 1018 1564 1.
1058 1506 1219 1563 them.
1256 1530 1273 1562 1
1302 1530 1346 1562 1.
1371 1528 1488 1583 pag.
1541 1533 1605 1565 12.
1635 1508 1687 1561 id
1722 1513 1870 1582 quod
1902 1515 1959 1563 iis

372 1586 548 1637 adhuc
584 1582 766 1650 latuit,
796 1587 884 1655 qui
914 1585 979 1636 de
1005 1601 1068 1636 eo
1095 1581 1292 1655 aliquid
1324 1587 1620 1658 prodidere.

300 1660 348 1714 C
371 1661 484 1714 OL
506 1664 558 1715 O
582 1661 693 1715 NI.
742 1662 797 1713 D
818 1662 862 1712 A
882 1663 944 1714 M
965 1665 1011 1716 A
1037 1662 1066 1713 S
1089 1661 1135 1714 C
1157 1662 1229 1714 O:
1279 1661 1623 1716 METROP.
1652 1663 1710 1715 In
1736 1678 1951 1729 corona,

375 1747 514 1795 CEB
534 1750 576 1792 A
593 1748 630 1794 C
650 1747 706 1791 M
723 1747 745 1791 I
761 1749 821 1791 A.
854 1730 1039 1802 occo,
1062 1739 1112 1787 in
1141 1735 1375 1788 Otacilia
1394 1780 1408 1804 ,
1439 1755 1557 1811 pag.
1581 1743 1727 1809 446.

294 1812 344 1866 C
361 1813 414 1865 O
437 1815 494 1867 L.
538 1823 587 1870 Δ
607 1826 651 1868 A
668 1824 721 1866 M
738 1825 797 1867 A.
836 1814 898 1865 M
919 1812 1022 1864 ET
1043 1814 1110 1866 R.
1145 1810 1389 1864 Otaciliae
1405 1831 1644 1865 nummus
1663 1856 1677 1879 ,
1696 1810 1837 1885 apud
1853 1813 1955 1867 Pa-

367 1889 534 1940 tinum
556 1931 570 1956 ‚
597 1906 716 1961 pag.
745 1884 846 1960 385.
869 1904 987 1938 curn
1012 1887 1159 1960 Lupa
1194 1890 1248 1938 &
1275 1887 1540 1961 gemelliS,
1575 1887 1808 1940 deduc'cae
1831 1905 1895 1939 eo
1921 1905 1952 1939 a

367 1963 626 2017 Romanis
652 1961 871 2013 coloniae
895 1960 1169 2014 indicibus,
1196 1963 1257 2013 In
1285 1960 1467 2016 labaro
1498 1963 1690 2015 deinde
1714 2007 1729 2029 ,
1774 1963 1941 2016 LEG.

366 2036 516 2091 VII.
546 2035 696 2108 quod
726 2048 1096 2109 argumentum
1117 2035 1191 2087 est
1221 2035 1472 2088 deducios
1503 2055 1568 2091 eo
1603 2039 1793 2089 milites
1834 2035 1949 2110 sep-

366 2113 503 2164 timae
531 2111 761 2184 legionis,
844 2167 855 2178 ,

291 2186 341 2239 C
364 2186 416 2236 O
435 2188 496 2241 L.
532 2189 587 2239 D
603 2187 650 2238 A
669 2187 730 2239 M
750 2184 799 2236 A
818 2185 864 2238 S.
911 2184 972 2236 M
991 2183 1095 2235 ET
1114 2186 1180 2238 R.
1220 2183 1488 2238 Volusiani
1522 2204 1765 2240 nummus
1793 2202 1822 2238 e
1854 2187 1949 2240 Ci-

358 2258 515 2309 melio
541 2262 732 2312 nostro.

284 2333 409 2387 CO
428 2335 486 2386 L.
526 2344 575 2390 Δ
593 2346 707 2390 AM
726 2347 784 2389 A.
830 2334 890 2386 M
908 2334 948 2386 E
966 2328 1033 2385 T.
1067 2332 1328 2385 Labarum
1353 2351 1470 2387 curn
1507 2334 1711 2387 duabus
1741 2335 1944 2408 aquili5‚

364 2408 552 2478 quibus
603 2412 954 2482 Imperatores
993 2406 1101 2459 bini
1156 2406 1425 2481 signantur
1456 2454 1472 2479 ,
1527 2410 1713 2465 Gallus
1753 2427 1946 2484 nempe

359 2482 756 2551 Treboniam-us,
787 2489 839 2537 &
858 2528 873 2550 ,
908 2500 1063 2553 quem
1094 2484 1148 2533 in
1180 2484 1384 2556 imperii
1411 2484 1731 2537 consortium
1776 2485 1943 2537 adsci-

363 2574 538 2627 verat,
573 2558 882 2614 Volufianus
914 2555 1072 2611 fili-us:
1106 2552 1289 2610 frustra
1307 2559 1458 2612 aliter
1485 2563 1776 2634 accipiente
1800 2562 1943 2613 Pati..

360 2648 467 2699 no,
499 2633 615 2707 pag.
646 2639 752 2703 39¹8.
779 2638 832 2686 &
864 2654 977 2703 399.
1005 2631 1327 2686 Treboniani
1348 2653 1588 2695 nummus
1613 2636 1747 2687 hanc
1779 2635 1940 2687 habet

361 2708 681 2782 epigraphen
715 2733 725 2761 :
762 2711 936 2763 IMP.
990 2707 1155 2761 CAE.
1201 2709 1268 2763 C.
1308 2712 1449 2764 VIB.
1496 2712 1707 2766 TREB.
1753 2711 1948 2765 GAL-

362 2780 519 2836 LVS.
561 2787 607 2835 A
629 2784 766 2839 VG.
803 2789 934 2850 Imp.
975 2780 1149 2851 Caesar
1185 2790 1342 2836 Caius
1373 2784 1556 2840 Vibius
1594 2784 1938 2839 Trebonianus

362 2856 548 2910 Gallus.
587 2857 857 2910 Volusiani
887 2901 902 2924 ,
949 2856 1095 2907 istam
1134 2858 1272 2909 :IM
1292 2860 1348 2911 P.
1397 2861 1451 2912 G
1475 2863 1522 2912 A
1542 2861 1737 2914 LLO.
1786 2863 1833 2912 V
1857 2862 1936 2914 O-

361 2930 410 2983 Ξ,
431 2933 484 2985 O
507 2933 576 2985 Sl
601 2933 644 2983 A
665 2936 722 2987 N
745 2934 816 2985 O.
861 2932 972 2984 AV
994 2931 1064 2984 G.
1107 2935 1183 2988 Ex
1207 2950 1317 3003 quo
1347 2937 1790 2987 communicatum
1821 2951 1939 2988 cum

362 3021 510 3078 patre
553 3009 827 3079 imperium
871 3004 1115 3078 intelligis
1157 3032 1167 3060 ε
1219 3008 1272 3059 id
1330 3009 1474 3080 quod
1517 3015 1569 3062 &
1613 3010 1898 3078 Eutropius
1923 3055 1939 3078 ,

357 3084 419 3134 ὃ(
454 3083 567 3137 Sex.
600 3082 774 3136 Aurei.
822 3082 1007 3137 Vi&or
1058 3080 1360 3157 prodidere.
1416 3083 1615 3138 Similes
1655 3084 1852 3157 aqui-las
1890 3088 1942 3138 in

1569 3164 1621 3216 R
1664 3161 1712 3232 iij
