2228 3428
292 267 395 317 434
736 235 1670 315 NUMMIANTIQUI

365 331 437 375 M.
475 325 574 371 ΑΥ
590 326 643 369 Ρ.
674 324 718 367 Α
735 324 833 370 ΝΤ
853 323 903 370 Ω
921 324 966 369 Ν
982 322 1057 369 EI
1075 323 1177 369 ΝΟ
1194 324 1252 369 C.
1289 322 1517 371 HEIOC.
1548 318 1849 387 Caracallae,
1869 319 2014 392 apud

445 392 757 456 Oeconem‚
786 405 902 462 pag.
928 393 1048 458 384.
1097 399 1312 445 KAMI
1333 401 1447 448 ΩΝ
1468 433 1481 456 ,
1516 407 1611 462 pro
1652 403 2010 452 CAMIQN.

440 480 633 537 utpag.
665 482 776 533 425.
809 474 1317 522 ΚΛΡΔΙΑΝΩΝ
1343 481 1440 537 prO
1472 472 2008 529 ΣΑΡΔῙΑΝΩΝ.

439 541 653 618 Junonis
672 537 866 612 effigies
882 583 895 603 ,
926 556 1042 590 cum
1064 537 1374 612 pavonibus,
1392 540 1590 613 Junoni
1615 542 1788 593 dicata
1813 548 2010 600 Samosz

436 614 526 666 ubi
546 628 721 666 natam
739 632 852 666 eam
871 613 1010 666 fama
1027 612 1255 667 ferebat:
1278 613 1406 667 teste
1421 614 1666 668 Pausania
1685 660 1699 683 ,
1720 617 1770 666 in
1789 617 2010 671 Acha'iC.

435 706 557 764 pag.
587 710 703 760 209.
732 689 865 742 Inde
888 691 1042 742 Maro
1060 733 1074 756 ,
1099 686 1394 758 posthabita
1413 688 1594 764 coluiſj'e
1609 696 1776 744 Samo.
1798 693 1862 745 Et
1878 692 2012 744 Tul-

434 764 559 831 lius,
590 784 620 817 v
640 786 674 818 1.
701 767 751 815 in
781 768 928 819 Verr.
989 773 1117 819 Iuno
1152 770 1296 819 Sami
1328 764 1574 820 colebatur
1599 771 1699 819 &Q
1758 767 1848 821 Est
1868 766 2013 839 apud

435 841 661 891 eundem
696 842 974 894 Occonem
1005 883 1018 905 ,
1064 856 1181 913 pag.
1212 844 1297 895 cit.
1328 859 1572 894 nummus
1606 841 1737 893 alter
1772 842 1927 896 Getae
1958 847 2013 895 &

436 914 720 967 Caracallae
737 959 750 983 ,
774 930 930 987 quem
952 914 1103 986 juvat
1123 915 1294 968 obiter
1319 915 1609 969 emendare:
1646 928 1796 973 ATT.
1831 927 2012 974 KAIC.

433 1001 508 1047 M.
545 1001 717 1046 ΑΥΡ.
759 989 1342 1050 ΑΝΤΩΝΕΙΝΟΕ.
1397 1002 1467 1048 Π.
1507 1002 1869 1051 CEHTIMI
1892 1005 2008 1050 oc.

431 1075 521 1123 ΓΕ
539 1077 581 1120 Τ
597 1079 641 1122 Α
657 1078 711 1123 C.
754 1081 801 1124 N
816 1078 851 1123 E
865 1077 961 1125 ΟΓ
976 1080 1026 1124 H
1045 1076 1091 1124 A
1107 1079 1142 1123 E
1157 1080 1203 1124 O
1222 1080 1274 1125 C.
1312 1067 1608 1122 Amborum
1639 1069 1897 1120 Caeiarum
1917 1068 2011 1119 ad.

431 1142 587 1192 versae
607 1138 778 1195 facies,
802 1143 944 1214 Lege
961 1185 973 1208 ,
1005 1156 1101 1200 NE
1119 1156 1164 1200 O
1181 1154 1219 1198 Ι.
1258 1157 1308 1200 H
1325 1153 1370 1200 A
1386 1155 1407 1198 Ι
1427 1155 1472 1199 O
1491 1154 1532 1197 Ι.
1556 1150 1688 1211 Imp.
1719 1143 1891 1214 Caesar
1910 1150 2002 1198 M.

430 1216 677 1268 Aurelius
702 1223 999 1271 Antoninus.
1032 1221 1095 1271 Et
1119 1214 1469 1287 PT‘S'bfiHmius
1492 1226 1621 1271 Geta
1637 1239 1651 1268 .-
1679 1224 1834 1272 Novi
1845 1215 2009 1288 §olen

432 1290 900 1362 InitiQAEQifflfii
941 1291 1114 1344 cusum
1159 1294 1264 1345 hoc
1290 1292 1541 1346 numisma
1581 1286 1866 1360 credimus,
1902 1311 2010 1366 quo

430 1358 662 1420 Ron‘iani
689 1364 977 1438 significant
1002 1412 1015 1432 ‚
1041 1383 1099 1420 ut
1141 1367 1272 1421 Solis
1311 1370 1479 1421 reditu
1513 1366 1633 1440 post
1664 1368 1898 1420 brumam
1928 1385 2008 1420 re-

431 1454 636 1492 creatur
662 1442 801 1492 orbis
820 1486 833 1508 ,
857 1443 927 1492 ita
954 1441 1213 1495 Caesarum
1246 1442 1581 1516 coiispetstum
1606 1440 1696 1495 sibi
1726 1444 1918 1496 Iaetitiae
1935 1441 2008 1495 se-

428 1529 604 1585 getem
639 1509 742 1567 effe
774 1518 1066 1570 maximam.
1103 1516 1408 1573 Revivescit
1444 1519 1614 1583 enim,
1644 1521 1887 1590 ridetque
1910 1518 2007 1571 tel-

429 1586 538 1655 luS,
572 1607 688 1639 cum
712 1635 725 1656 ,
755 1605 811 1641 ut
836 1590 1031 1643 Plinius
1061 1595 1163 1659 ait,
1201 1593 1290 1644 lib.
1322 1610 1473 1643 xv11
1496 1613 1530 1645 1.
1565 1592 1681 1645 sec't.
1719 1613 1766 1646 L.
1823 1600 2011 1647 Novos

431 1662 566 1716 Soles
592 1663 836 1718 admittit.
901 1667 985 1718 Sic
1012 1667 1063 1717 in
1095 1667 1353 1717 Antonini
1384 1666 1463 1717 Pii
1491 1683 1707 1717 nummo
1735 1670 1858 1719 novi
1885 1668 2011 1719 anni

429 1736 695 1809 auspiciis,
735 1744 782 1796 S.
826 1741 880 1794 P.
923 1744 1018 1812 Q
1043 1744 1108 1795 R.
1147 1742 1209 1792 A.
1249 1743 1326 1794 N.
1371 1742 1425 1791 F.
1469 1742 1523 1792 F.
1587 1742 1639 1792 O
1666 1743 1702 1793 P
1728 1743 1778 1792 T
1802 1743 1822 1792 1
1850 1745 1909 1795 Μ
1937 1744 2007 1796 O.

431 1813 470 1865 P
489 1815 538 1866 R
556 1816 576 1865 Ι
594 1816 652 1867 Ν
675 1817 720 1868 C
743 1817 760 1867 Ι
782 1817 818 1868 Ρ
842 1817 882 1868 Ι.
931 1818 968 1868 Ρ
991 1818 1010 1868 Ι
1032 1817 1100 1867 O.
1153 1813 1258 1881 (fic
1282 1817 1421 1866 enim
1460 1811 1708 1886 scriptum
1738 1817 1789 1865 in
1812 1834 2008 1869 corona

430 1886 532 1939 est:
555 1895 572 1955 )
593 1885 699 1938 hoc
722 1889 824 1954 est,
847 1899 1061 1941 Senatus
1085 1889 1399 1962 Populusque
1428 1894 1684 1939 Romanas
1713 1908 1897 1942 annum
1919 1910 2003 1944 no,

429 1978 548 2010 vum
575 1959 797 2030 faustum
817 1960 1010 2027 felicem
1044 1970 1239 2033 Optimo
1284 1969 1511 2030 principi
1549 1969 1635 2032 pio
1666 1979 2004 2038 apprecatur,

427 2034 566 2107 apud
596 2037 876 2088 Oeconem
897 2083 910 2107 ,
944 2057 1059 2112 pag,
1101 2062 1126 2093 2
1148 2062 1166 2111 5
1186 2045 1233 2095 8.
1278 2056 1436 2113 quem
1468 2057 1740 2091 nummum
1775 2040 2009 2114 vulgavit

424 2108 565 2161 haud
592 2112 659 2161 ita
685 2112 884 2184 pridem
911 2117 987 2165 vir
1009 2117 1254 2167 erudituS.
1805 2135 1808 2139 ’

349 2195 561 2243 CAMI
583 2197 712 2245 ΩΝ.
754 2198 802 2244 Π
824 2200 1132 2248 ΡΩΤΩΝ.
1171 2201 1422 2248 ΙΩΝΙΑ
1443 2201 1498 2247 C.
1521 2195 2006 2261 Samiorumquipri-

427 2269 494 2313 mc·
518 2270 690 2316 loniae.
715 2265 846 2316 Hoc
876 2266 978 2331 est,
1013 2268 1101 2338 qui
1132 2268 1284 2339 primi
1318 2268 1452 2317 inter
1482 2267 1636 2318 Ionas
1664 2263 1815 2317 ludos
1849 2271 1902 2318 ὃς
1930 2266 2003 2316 sa-

427 2353 513 2387 cra
528 2334 702 2388 fecere
719 2382 733 2403 ,
754 2336 842 2389 sub
863 2340 1142 2395 Gordiano
1158 2383 1173 2406 ,
1195 2341 1438 2395 Deciove
1453 2383 1467 2406 ,
1483 2337 1669 2411 quibus
1688 2339 2004 2412 principibus

427 2409 497 2462 fic
514 2409 740 2484 inscripti
767 2416 962 2464 nummi
985 2415 1323 2486 reperiuntur.
1352 2416 1491 2466 Vide
1509 2432 1624 2485 quae
1651 2414 1870 2465 diximus
1889 2431 2005 2464 ver-

426 2487 499 2537 bo
524 2496 573 2541 Π
589 2497 622 2542 Ε
638 2499 672 2542 Ρ
690 2500 728 2544 Γ
746 2501 787 2542 A
803 2500 857 2544 M
875 2501 922 2545 H
943 2502 988 2545 N
1006 2500 1056 2547 Ω
1073 2488 1474 2558 N,dicemusque
1491 2491 1541 2539 in
1560 2496 2000 2546 ΣΜΥΡΝΑΙΩΝ.

428 2562 566 2614 Haec
591 2579 751 2634 porro
781 2565 954 2623 Ἱωῃῃξ
977 2564 1142 2632 Σάμος
1166 2581 1195 2614 a
1230 2561 1489 2617 Strabone
1513 2579 1877 2637 nuncupatur,
1913 2564 2000 2618 lib.

427 2654 493 2689 VI
516 2656 590 2690 11.
623 2654 740 2710 pag.
776 2658 893 2709 347.
917 2645 969 2692 ὃς
1003 2639 1093 2691 lib.
1120 2656 1167 2691 X.
1196 2655 1314 2712 pag.
1340 2655 1456 2692 LVI
1478 2659 1514 2691 1.
1549 2653 1660 2689 tum
1689 2637 1835 2710 quod
1866 2638 1998 2691 sitin

425 2710 583 2764 Ioniae
624 2711 864 2767 Afiaticae
905 2732 992 2765 ora
1025 2713 1190 2788 posita
1215 2757 1229 2780 ,
1260 2727 1372 2764 tum
1402 2713 1550 2785 quod
1580 2714 1766 2765 Ionum
1787 2756 1802 2780 ,
1837 2715 1925 2787 qui
1947 2714 2000 2767 in

378 2848 385 2853 ι
422 2783 651 2837 Thracia
681 2784 856 2856 fuere,
892 2805 1048 2862 caput
1072 2790 1196 2841 olim
1227 2787 1492 2841 exstiterit.

343 2871 386 2916 C
403 2871 445 2916 Α
466 2871 519 2916 Μ
539 2873 560 2917 Ι
580 2873 628 2919 Ω
645 2875 708 2919 Ν.
733 2862 989 2917 Gordiani
1022 2866 1158 2916 tertii
1184 2880 1453 2931 nummus,
1482 2862 1737 2935 templum
1764 2861 1999 2931 exhibet,

421 2937 472 2987 in
508 2955 615 3007 quo
636 2938 775 3011 Juno
805 2939 993 2993 velata.
1030 2938 1115 2992 Ad
1137 2936 1386 2990 sinistrum
1415 2936 1600 3011 teiffipli
1624 2937 1785 3004 latuS,
1813 2939 1997 2989 hortus

424 3010 702 3066 Adonidis,
726 3012 1106 3086 Tranquillinae
1123 3057 1135 3080 ,
1159 3031 1274 3085 quae
1301 3012 1561 3066 Gordiani
1581 3011 1800 3084 conjux,
1828 3012 1880 3061 in
1904 3009 1998 3062 Ci-

423 3085 583 3138 melio
621 3089 793 3161 Regio
824 3105 1066 3142 nummus
1098 3088 1172 3142 est
1193 3131 1207 3156 ,
1243 3098 1454 3147 CAMI
1472 3099 1612 3155 ΩΝ,
1642 3088 1694 3138 in
1736 3102 1846 3157 quo
1874 3084 1993 3140 Me..
