2228 3428
661 183 1296 241 ILLUSTRATI.
1844 209 1885 244 11

297 258 634 316 Semiramidis
650 259 798 328 probe
825 267 970 312 muris
986 258 1264 334 substruflO.
1291 261 1429 314 Haec
1452 258 1524 314 'de
1550 259 1736 335 oppidi
1766 207 1881 332 fit5u,

298 342 351 389 ὃ(
375 337 619 388 ubertate
644 339 781 411 agri:
819 338 886 389 de
911 353 1064 388 amne
1099 335 1538 407 praeterlabente,
1567 337 1707 389 idem
1739 342 1880 393 Stra-

298 412 369 463 bo
389 456 402 477 ,
437 411 525 465 lib.
561 430 593 462 X
612 434 628 464 1
647 433 720 465 11.
755 415 875 486 pag.>
903 417 1012 482 587.
1053 408 1140 462 ubi
1168 428 1375 472 amnem
1405 427 1523 462 eum
1549 415 1619 464 ait
1638 456 1650 478 ‚
1678 416 1765 484 qui
1785 413 1882 464 So-

296 487 374 540 los
411 487 609 540 Ciliciae
633 490 797 558 rigat,
825 504 885 538 ex
917 484 1182 557 Tyanenfi
1213 503 1340 558 agro
1373 489 1715 545 venirem‘cjn
1744 487 1883 543 Tuoe'.

298 589 372 620 νων
403 563 458 622 εἷς
488 563 661 624 Σόλοις
689 562 769 618 Μ
792 561 1095 626 πᾶΤαιίϋυ.
1132 561 1188 611 Id
1214 578 1372 632 porro
1409 562 1554 631 quod
1584 568 1634 614 in
1662 582 1881 615 nummo

298 639 382 692 vel
414 640 672 692 vetustate
712 637 793 707 vel
820 637 1001 706 injuria
1029 636 1306 688 hominum
1354 635 1551 687 excidit
1576 680 1589 703 ,
1627 656 1745 688 cum
1783 638 1882 691 fint

301 730 473 766 cetera
507 714 660 786 plana
689 731 750 764 ac
787 711 1051 786 perspicua
1073 755 1087 778 ,
1121 709 1261 762 haud
1297 724 1495 762 temere
1525 712 1817 763 restitutum
1851 731 1881 765 a

298 789 451 842 nobis
473 786 731 861 intelliget
759 833 773 855 ,
809 789 899 858 qui
931 793 981 839 ὅ(
1014 789 1231 859 primam
1266 783 1498 837 sccundae
1526 787 1880 861 Cappadociae

299 866 565 917 civitatem
599 866 784 936 Tyana
816 858 962 914 fuiffe
989 863 1282 913 meminerit
1314 886 1324 913 ε
1368 866 1419 913 ὃ(
1450 860 1586 912 hanc
1628 862 1880 935 loquendi

294 938 522 992 formam
544 957 652 990 non
675 934 777 991 effe
799 941 847 989 in
873 941 1096 989 nummis
1117 934 1521 1007 infrequentem.
1542 939 1624 989 Sic
1642 942 1778 990 enim
1800 938 1879 989 su-

295 1017 822 1088 perius,cA12A1c
866 1016 1165 1071 ΠΡΩΤΗ
1203 1024 1646 1081 ΜΑΙΟΝΩΝ,
1673 1013 1878 1085 aliaque

295 1090 472 1143 similia
496 1092 731 1144 vidimus„
768 1093 982 1145 Notitia
1022 1108 1146 1142 vero
1176 1088 1369 1143 Eccles.
1404 1107 1524 1162 pag.
1564 1110 1656 1159 33.
1695 1094 1746 1141 δέ
1785 1111 1876 1162 35.

294 1169 556 1238 geminam
588 1166 986 1240 Cappadociam
1017 1162 1280 1239 agnoscit:
1309 1164 1525 1216 alteram
1559 1163 1648 1217 sub
1680 1165 1880 1217 Consu-

291 1240 414 1310 lari‚
440 1239 530 1294 sub
555 1241 773 1296 Praefide
804 1244 1043 1295 alteram:
1081 1241 1257 1312 primae
1288 1254 1448 1311 caput
1479 1239 1714 1299 Caesarea
1744 1237 1842 1291 fuit
1863 1264 1877 1293 ε

292 1320 480 1390 Tyana
497 1363 510 1385 ,
533 1316 783 1374 sccundae.
801 1317 1043 1396 Ἐπαρχῖοι
1072 1316 1443 1382 Καππαὸδκίας,
1469 1317 1619 1380 mfizav‘
1643 1314 1878 1374 Κονσ-ιλοί-

295 1416 387 1454 ων
406 1439 417 1458 ,
443 1394 713 1471 Koqovc'faoe.
745 1396 989 1472 Ἐπαρχίει
1017 1392 1361 1470 Καιππαῶκλακ,
1381 1391 1434 1456 β’
1453 1439 1464 1461 ,
1501 1394 1650 1456 ’χ’λῦυχ
1674 1392 1878 1462 Ηςγεμό-

294 1496 379 1537 m,
408 1472 574 1526 Τύανα
612 1474 682 1523 At
700 1489 948 1541 quoniam
970 1471 1204 1523 Valentis
1237 1470 1414 1522 Ariani
1446 1472 1740 1543 principatu
1777 1472 1879 1541 pri-

294 1564 435 1597 mum
464 1547 674 1597 divisam
705 1549 754 1596 in
783 1547 907 1596 duas
926 1546 1222 1619 provincias
1248 1545 1509 1617 regiminis
1537 1543 1879 1598 Ecclefiastici

290 1622 587 1693 provincias
619 1620 1023 1690 Cappadociam
1065 1620 1320 1691 legimus,
1367 1618 1503 1692 apud
1546 1620 1712 1691 Greg.
1761 1623 1879 1674 Na-

290 1698 460 1749 zianz.
491 1700 544 1748 &L
571 1694 710 1768 apud
740 1696 929 1748 Baron.
969 1694 1034 1746 ad
1065 1711 1147 1746 an.
1184 1692 1379 1746 Christi
1422 1713 1454 1748 C
1475 1714 1508 1749 c
1529 1714 1561 1749 c
1583 1714 1612 1748 L
1634 1713 1670 1748 X
1691 1715 1727 1750 x
1748 1716 1782 1748 1.
1813 1712 1878 1746 ex

290 1769 417 1822 odio
449 1767 644 1822 scilicet
674 1770 840 1822 Basilii
867 1771 1113 1824 Caesareae
1139 1770 1380 1842 Epilcopi
1409 1794 1419 1823 ε
1454 1788 1563 1821 non
1594 1768 1816 1822 multum
1849 1787 1880 1821 a

289 1862 417 1897 vero
444 1843 619 1897 forsan
641 1844 858 1897 abludet
880 1890 894 1913 ,
917 1848 1011 1916 qui
1036 1849 1086 1895 in
1110 1844 1213 1896 hoc
1242 1859 1457 1896 nummo
1477 1844 1666 1897 dixerit
1692 1848 1881 1917 prima-

292 1935 404 1972 tum
422 1920 585 1972 modo
605 1939 665 1972 ac
688 1922 1086 1993 praerogativam
1105 1919 1208 1970 fori
1227 1919 1341 1969 urbi
1357 1919 1623 1992 Tyanenfi
1640 1918 1879 1989 adscribi,

290 1994 440 2069 supra
463 1994 661 2069 oppida
677 1996 927 2066 vicosque
945 1995 1052 2066 ejus
1071 1995 1389 2068 praefecturae
1412 2038 1422 2057 ,
1439 1995 1582 2066 cujus
1599 1994 1704 2067 ipsa
1719 2012 1879 2069 caput

293 2070 519 2124 exstitit:
554 2071 830 2137 Straboni,
851 2070 934 2123 lib.
955 2089 1020 2123 x1
1041 2091 1074 2123 1.
1108 2087 1223 2142 pag.
1258 2090 1367 2144 534.
1396 2069 1607 2128 vaTm
1632 2073 1878 2142 ςφατηγῖοι.

212 2159 367 2204 ΤΥΑ
386 2161 431 2204 N
452 2159 502 2206 Ω
522 2160 580 2202 N.
615 2147 796 2218 Caput
825 2149 950 2219 apri.
978 2148 1015 2198 E
1037 2145 1227 2198 Museo
1252 2145 1448 2200 nostro,

140 2234 238 2281 ΤΥ
257 2236 366 2282 ΝΔ
390 2238 425 2281 Α
447 2236 578 2281 PIT
600 2238 634 2277 A
658 2236 731 2288 N,
764 2221 905 2291 apud
926 2224 1188 2276 Parutam.
1216 2220 1408 2275 Plinius
1429 2266 1442 2289 ,
1466 2219 1553 2276 hb.
1599 2244 1613 2277 1
1643 2246 1657 2278 1
1687 2247 1730 2280 1.
1759 2225 1876 2293 secl.

289 2320 354 2353 xi
382 2320 428 2357 v,
456 2298 705 2374 Tyndaris
736 2294 922 2348 colsnta
942 2338 957 2359 ,
984 2299 1035 2348 in
1069 2295 1259 2353 Sicilia.
1328 2299 1542 2357 Raidera
1580 2297 1874 2372 supersunt,

286 2392 594 2447 nomenque
627 2375 875 2435 Tendam.
922 2376 979 2425 In
1011 2389 1228 2423 nummo
1260 2375 1432 2447 priore
1457 2376 1596 2446 apud
1630 2377 1875 2431 Parutam

275 2452 419 2526 Juno
448 2449 733 2524 insculpta,
763 2469 878 2522 quae
909 2464 1117 2522 pavone
1148 2450 1292 2500 vec'ka
1323 2447 1514 2501 fertur:
1542 2453 1599 2502 In
1626 2449 1734 2503 aliis
1767 2455 1875 2506 Ce-

290 2544 397 2592 res,
429 2544 546 2578 cum
579 2525 725 2601 spicis
745 2569 758 2591 ,
793 2525 1047 2577 ubertatis
1076 2521 1315 2596 symbola
1346 2548 1356 2577 ε
1397 2523 1522 2597 pilei
1552 2525 1782 2579 Castoris
1813 2547 1876 2582 ac

289 2600 518 2654 Pollucis
549 2645 563 2667 ,
603 2603 693 2673 qui
731 2599 1010 2673 Tyndarei·
1039 2597 1126 2650 filii
1158 2642 1172 2665 ,
1209 2600 1475 2670 iidemque
1508 2599 1658 2672 hujus
1689 2605 1876 2676 oppidi

291 2673 602 2728 conditores
643 2675 826 2726 fuere:
865 2690 1173 2744 quanquam
1212 2692 1241 2728 a
1291 2671 1556 2727 Meffeniis
1597 2679 1873 2732 conditum

290 2748 467 2801 scribit
495 2749 768 2803 Diodorus
811 2745 964 2801 Sicul.
997 2746 1085 2799 lib.
1114 2766 1246 2802 X1v.
1284 2748 1416 2802 Bibl.
1465 2750 1568 2805 Sed
1600 2749 1697 2802 fuit
1722 2756 1874 2805 nimi,

289 2843 402 2876 rum
432 2826 698 2895 quondam
725 2823 975 2877 Laconici
993 2821 1121 2892 juris
1153 2827 1203 2876 ὃ(
1229 2822 1337 2896 ipsa
1354 2822 1609 2876 Messenia
1629 2870 1643 2893 ,
1662 2832 1874 2882 austore

290 2899 581 2967 Strabone,
611 2897 699 2955 lib.
736 2917 767 2951 v
788 2919 823 2953 1.
847 2914 966 2972 pag.
997 2917 1111 2967 279.
1140 2900 1288 2951 Hinc
1315 2896 1443 2953 illud
1468 2900 1607 2970 Silii,
1636 2901 1722 2958 lib.
1753 2923 1862 2963 X1v0

291 2975 357 3028 de
376 2973 779 3049 Tyndaritanis:
1682 3004 1694 3039 j.

434 3051 436 3053 ’
731 3055 1030 3124 Geminoque
1061 3056 1262 3107 Lacone
