2228 3428
310 199 391 275 47
469 248 833 316 mus,jun&os
870 248 938 304 ὡς
971 247 1278 323 ωῷῥιλλνῖλου
1312 266 1478 320 equos
1507 246 1772 302 habebant
1798 262 2042 323 quatuor,

470 327 543 375 uti
573 339 634 374 cx
669 320 806 372 hisce
848 328 1072 375 mimmis
1107 321 1530 397 quadrigatisque
1577 324 1798 373 denariis
1850 326 2047 396 liquet:

471 415 579 448 non
618 411 675 447 ut
706 397 756 445 in
795 396 980 448 nostris
1014 399 1119 450 duo
1165 413 1401 474 praeeuut
1431 442 1445 464 ,
1482 395 1704 449 totidem
1749 395 2046 467 sequuntur.

397 483 444 534 Σ
461 483 552 528 ΥΡ
572 485 610 527 A
628 482 667 528 K
685 484 731 529 O
752 480 831 529 ΣΙ
853 484 903 529 Ω
924 486 986 530 Ν.
1012 472 1176 526 Pallas
1206 488 1404 525 armata
1421 516 1435 537 ‚
1468 471 1591 525 belli
1622 473 1743 526 Dea
1765 472 1945 544 praeses
1967 499 1976 526 ι
2000 481 2054 529 δε

477 566 539 600 ex
570 564 713 620 parte
744 548 912 598 averia
940 546 1160 621 Pegasus
1187 593 1200 616 ,
1229 548 1368 622 apud
1403 549 1648 600 Parutam
1682 564 1823 599 num.
1863 551 1947 613 67.
1975 554 2055 603 68,

482 631 566 694 69.
600 628 701 675 &o
736 621 856 674 Cufi
894 622 1112 675 fortaffis
1150 626 1183 674 ii
1211 624 1410 675 irummi
1442 639 1470 672 a
1508 619 2053 692 Carthaginienfibus,

481 697 606 750 dum
637 714 807 749 rerum
837 699 885 747 in
909 696 1075 749 Sicilia
1105 701 1430 771 potirentur,
1461 696 1606 768 quod
1639 695 1889 761 Medusa,
1912 695 2057 767 cujus

481 790 544 825 ex
571 771 811 844 sanguine
843 769 1063 843 Pegasus
1104 787 1250 825 natus
1282 771 1526 843 fingitur,
1561 769 1694 823 Afra
1723 769 1853 837 fuit,
1887 770 2057 822 Phor-

481 864 645 919 cynos
673 847 916 919 Cyreuaei
942 845 1076 913 filia,
1105 862 1163 898 ut
1193 850 1267 898 ait
1294 845 1615 919 Palaephatus
1643 846 1691 895 in
1724 844 1927 898 fabulis
1979 847 2058 899 Si-

480 924 576 974 lius
603 935 743 973 certe
774 920 862 976 lib.
900 939 932 973 X
955 943 970 974 1
990 940 1036 974 v.
1068 924 1205 973 iuter
1235 921 1375 995 ligna
1404 922 1614 973 navium
1644 921 1952 972 Punicarum
1981 920 2057 974 Si.

402 1001 405 1007 ’
481 995 821 1068 cularumque
852 994 1100 1069 Pegasum
1130 1011 1430 1049 enumerat:

544 1081 630 1127 At
656 1070 834 1122 vinclis
861 1069 1081 1125 trahitur
1104 1087 1314 1145 cognata
1341 1078 1391 1123 in
1421 1069 1571 1122 litora
1598 1075 1852 1138 Anapus,

551 1145 924 1221 Gorgoneasque
939 1147 1103 1213 ferens
1125 1148 1193 1200 ad
1212 1147 1376 1220 fidem
1411 1144 1640 1219 Pegasios
1661 1146 1795 1199 alas.

483 1223 560 1276 At
593 1220 843 1294 Pegasum
873 1241 966 1274 nos
988 1222 1186 1274 idcirco
1216 1225 1390 1296 potius
1411 1220 1720 1294 insculptum
1749 1221 1834 1273 hic
1858 1239 2029 1276 remur
2048 1265 2073 1290 ‚.

483 1314 545 1350 ut
578 1300 629 1349 in
670 1297 1069 1350 Corinthiorum
1103 1300 1326 1349 nummis
1361 1340 1375 1364 ,
1419 1294 1564 1369 quod
1610 1297 1902 1360 Corinthus,
1932 1300 2063 1350 teste

483 1372 692 1428 Velleio
712 1415 725 1439 ‚
748 1370 835 1427 lib.
886 1393 902 1426 1
930 1395 974 1427 1.
1023 1373 1369 1448 Syracusarum
1392 1374 1607 1446 genitale
1623 1371 1781 1446 solum
1809 1376 1938 1439 fuit,
1963 1374 2066 1425 five

484 1450 792 1519 MTCAWNQ
825 1466 935 1520 quo
971 1438 1113 1500 sensu
1144 1452 1310 1522 accipi
1342 1447 1476 1500 hanc
1507 1464 1693 1499 vocem
1725 1447 1983 1524 oportere
2000 1466 2066 1503 ex-

480 1525 774 1578 Themistio
805 1522 1030 1575 diximus
1047 1567 1062 1592 ‚
1086 1521 1251 1577 verbo
1282 1539 1326 1581 A
1345 1536 1400 1580 M
1418 1538 1460 1580 A
1479 1533 1574 1585 ΣΕ
1592 1537 1614 1580 Ι
1629 1538 1670 1580 Α
1690 1532 1751 1583 Σ,

411 1611 458 1663 Σ
475 1611 514 1657 Υ
530 1615 565 1657 Ρ
583 1614 625 1656 Α
646 1612 687 1656 Κ
704 1607 843 1658 ΟΣΙ
866 1611 916 1656 Ω
932 1612 979 1655 N
997 1642 1011 1664 ,
1044 1616 1161 1650 cum
1187 1600 1392 1651 Cereris
1415 1599 1587 1670 effigie
1604 1643 1617 1665 ‚
1646 1601 1787 1670 cujus
1813 1603 1865 1651 in
1895 1603 2068 1674 capi-te

485 1676 635 1749 spicae
656 1720 669 1742 ,
701 1678 790 1747 qui
820 1681 873 1726 ὅ(
907 1672 1040 1724 illius
1072 1675 1204 1726 Deae
1244 1688 1457 1725 ornatus
1489 1673 1712 1725 solennis
1750 1675 1824 1726 est
1853 1719 1866 1740 ,
1907 1693 2068 1747 quare

489 1750 736 1819 Spicz‘fera
772 1757 912 1803 Ceres
944 1765 972 1799 a
1003 1748 1230 1799 Manilio
1277 1748 1466 1799 dicitur
1493 1773 1503 1801 ε
1553 1755 1605 1802 &
1632 1749 1770 1800 idem
1811 1750 2066 1801 ubertatis

489 1826 672 1883 Siculae
714 1838 1102 1897 argumentum,
1142 1822 1306 1895 Apud
1334 1826 1581 1876 Parutam
1609 1868 1621 1889 ‚
1655 1843 1793 1878 num.
1835 1848 1862 1896 9
1885 1847 1928 1896 ς.
1973 1828 2067 1879 De

494 1902 701 1956 Cereris
731 1900 844 1950 aede
867 1942 881 1965 ,
908 1915 1022 1969 quae
1049 1896 1305 1970 Syracufis
1337 1895 1437 1948 fuit
1459 1942 1473 1964 ,
1510 1914 1573 1949 ex
1606 1897 1787 1950 Tullio
1827 1901 2060 1954 diximus,

489 1978 624 2029 Sunt
650 1980 701 2028 ὃς
728 1976 779 2025 iu
806 1990 870 2025 eo
892 1990 1112 2024 nummo
1127 1968 1269 2023 faces
1297 1971 1554 2040 accensae,
1580 1973 1771 2045 quibus
1799 1974 1882 2026 usti
1907 1976 2068 2029 Ceres

487 2050 652 2102 fertur
673 2052 722 2101 in
755 2046 976 2114 fabulis,
1007 2065 1125 2098 cum
1153 2044 1514 2120 Proserpinam
1544 2065 1815 2121 quaereret'.

342 2163 344 2165 -
416 2137 570 2190 ΣΥΡ
589 2140 629 2182 Α
649 2137 749 2185 ΚΟ
766 2133 811 2186 Σ
831 2137 851 2180 1
872 2136 921 2182 Ω
940 2136 1000 2180 N.
1025 2123 1360 2198 CaputJovis
1387 2121 1658 2198 Olympii,
1690 2142 1806 2176 cum
1830 2124 2066 2181 fulmine:

491 2214 730 2276 exparte
766 2202 929 2253 altera
971 2196 1192 2270 Pegasus
1224 2222 1235 2250 ε
1281 2198 1421 2271 apud
1451 2200 1695 2251 Parutam
1722 2243 1735 2266 ,
1768 2203 1817 2251 in
1845 2205 2070 2254 nummis

490 2277 912 2352 Syracu-florum,
949 2293 1091 2326 num.
1129 2295 1164 2326 1.
1208 2275 1327 2325 Fuit
1348 2272 1500 2344 juxta
1538 2273 1912 2347 Syracusanum
1948 2295 2070 2350 por-

493 2366 605 2403 tum
648 2351 959 2424 oppidulum
996 2349 1302 2417 Ὀλυμπίειον
1346 2347 1663 2421 appellatum
1701 2393 1715 2416 ,
1763 2368 1880 2401 cum
1926 2351 2073 2426 Jovis

494 2427 733 2500 Olympii
772 2424 975 2496 templo
1004 2450 1013 2477 ε
1048 2426 1122 2475 uti
1153 2422 1431 2496 prodidere
1469 2425 1810 2496 Thucydides
1848 2424 1936 2480 lib.
1980 2446 2069 2482 VI.

489 2501 765 2555 Diodorus
797 2498 886 2551 lib.
922 2516 954 2549 x
976 2519 992 2551 1
1016 2519 1033 2551 1
1055 2520 1088 2550 1.
1117 2504 1171 2552 ὅ(
1200 2516 1296 2549 xx.
1327 2497 1638 2549 Plutarchus
1664 2501 1714 2549 in
1734 2501 1907 2553 Nicia.
1935 2502 2071 2577 Qi-

491 2575 587 2627 bus
612 2574 798 2626 omiffis
815 2617 827 2639 ‚
849 2575 980 2628 Livii
997 2574 1141 2623 unius
1164 2570 1320 2625 verba
1339 2567 1614 2625 afferemus
1632 2617 1645 2639 ,
1671 2590 1700 2624 e
1727 2574 1862 2626 libro
1881 2594 2069 2632 xxillr.

491 2658 636 2706 ΗΜ
660 2655 895 2701 nunciata
925 2666 1028 2699 cum
1057 2644 1198 2718 effint
1226 2653 1469 2700 Romanis
1497 2689 1511 2711 ,
1552 2668 1611 2700 ex
1640 2656 1897 2702 Leontinis
1931 2665 2070 2702 mota

478 2723 605 2798 sunt
621 2724 854 2792 extemplo
873 2727 1026 2794 castra
1049 2723 1121 2775 ad
1147 2723 1408 2801 Syracusas
1430 2766 1561 2779 .....
1585 2733 1655 2776 Et
1664 2727 1778 2791 jam
1805 2743 1896 2777 non
1929 2726 2070 2777 modo

485 2808 630 2869 pacis
649 2847 660 2868 ‚
677 2800 769 2874 sed
789 2818 845 2852 ne
872 2799 985 2852 hefft
1004 2803 1193 2872 quidem
1215 2802 1334 2867 jura
1362 2797 1528 2852 relifz‘a
1557 2813 1729 2860 erant,
1755 2818 1858 2853 cum
1878 2807 2070 2855 Roma-

491 2894 582 2928 mos
610 2884 840 2930 exercitus
865 2875 939 2928 ad
969 2875 1241 2952 Olympium
1274 2877 1302 2942 (
1315 2882 1457 2928 Iovis
1484 2874 1540 2926 id
1552 2875 1779 2945 templum
1807 2880 1906 2952 est)
1938 2876 2066 2929 mide

493 2958 765 3026 quingentis
786 2950 1000 3019 pastibus
1027 2950 1092 3002 ab
1122 2949 1235 3002 urbe
1265 2952 1416 3019 castra
1446 2953 1644 3024 Appius
1667 2953 1846 3019 peficit.

417 3036 516 3088 ΣΥ
534 3040 570 3086 Ρ
591 3041 633 3086 A
649 3039 691 3090 K
707 3042 753 3088 O
772 3035 815 3090 Σ
834 3042 856 3086 Ι
879 3040 929 3088 Ω
948 3041 1010 3088 N·
1064 3025 1324 3083 Her-cules
1371 3024 1581 3080 Leonem
1625 3022 1851 3082 suffoca-t
1871 3060 1889 3095 ‚
1930 3026 2071 3101 apud
