2228 3428
320 227 446 296 460
817 208 1161 272 NUMMI
1219 216 1657 288 ANTIQUI

458 308 540 359 xxx
562 313 596 346 ι.
629 289 800 346 Plinio
830 336 844 358 ‚
869 291 964 349 lib.
1001 313 1083 348 ιν.
1116 292 1234 348 feet.
1264 312 1432 350 xvn.
1507 293 1748 367 Scotuffiei
1782 294 1934 353 Meri.
1981 299 2048 354 In

460 369 784 421 Macedonia
814 366 992 437 fuere,
1018 367 1158 422 haud
1187 370 1374 444 procul
1411 387 1564 423 amne
1598 374 1895 447 Strymone.
1941 375 2047 449 Ly-

456 461 566 496 ram
598 442 683 494 hic
703 461 941 496 nummus
970 444 1277 519 insculptam
1300 442 1494 514 habet,
1530 449 1612 499 cui
1631 449 2041 505 noetuainfidet:

456 537 523 572 ex
547 517 722 572 aversa
748 517 1016 592 superficie
1034 565 1048 586 ,
1085 520 1371 575 Palladem.

310 603 355 656 Σ
372 607 470 654 ΚΥ
488 606 533 654 A
549 606 653 654 AA
669 607 709 650 T
727 609 749 652 I
772 608 822 655 Ω
840 609 900 653 Ν.
931 597 970 649 E
995 597 1194 670 Mng.
1227 597 1435 650 Graecia
1454 594 1662 651 Goltzii
1681 642 1695 665 ‚
1716 598 1823 652 tab.
1843 618 2044 657 xxvnr.

462 691 583 726 oum
612 689 780 746 prorae
804 672 1010 746 effigie,
1033 678 1086 725 δέ
1126 674 1396 726 Mercurio
1431 672 1681 746 petasatO.
1715 673 1920 742 Plinio,
1953 675 2044 733 fib.

472 771 490 805 1
519 771 535 804 1
562 771 605 803 1.
635 747 752 803 se&
780 766 813 799 x
833 768 879 802 v.
923 748 1211 825 ScyLletz'um.
1251 750 1310 801 In
1345 748 1581 800 orientali
1624 747 1882 802 Calabriae
1909 749 2045 803 ulte-

460 827 608 876 rioris
636 838 815 898 parte,
845 825 897 874 in
928 822 1035 875 finu
1067 825 1388 898 cognomine
1417 824 1711 897 Scyllacio,
1740 828 1828 897 qui
1846 827 2044 878 Taren-

461 902 577 952 tino
608 900 684 952 est
712 900 997 974 proximus,
1037 902 1204 955 Nunc
1234 899 1497 970 Squifface.
1525 899 1666 953 Vide
1692 915 1845 952 notas
1871 902 1921 952 in
1944 901 2046 953 Pli..

457 978 619 1028 nium.
661 978 721 1028 In
753 974 926 1028 Cone.
960 975 1083 1029 CP.
1116 978 1181 1029 V.
1213 991 1330 1048 pag.
1364 980 1484 1047 376.
1522 974 1700 1049 vigilii
1733 975 2042 1029 Constituto

461 1048 731 1105 subscribit
762 1047 1029 1103 Zacchaeus
1062 1053 1320 1123 Epf'fcopus
1349 1050 1564 1123 Ecclefiae
1595 1050 1902 1127 Scyllacenae.

306 1137 352 1191 Σ
371 1136 558 1188 ΚΥΡῙ
581 1138 630 1184 Ω
649 1141 712 1184 N.
755 1126 1028 1180 Goltziani
1053 1129 1107 1177 in
1141 1127 1343 1180 Graecia
1376 1142 1554 1178 vetere
1583 1130 1799 1182 nummi.
1839 1126 2042 1194 Plinio,

457 1203 545 1256 lib.
577 1225 594 1257 1
615 1223 664 1256 v.
696 1201 812 1256 se&
849 1219 1053 1258 xx111.
1080 1207 1258 1280 Scyros.
1287 1201 1588 1275 Stephano:
1619 1200 1826 1269 Σκόερς,
1849 1207 1970 1261 νῆσος

457 1279 498 1335 οἷ
526 1280 770 1347 rnoml'woc,
803 1277 1017 1342 Ezw'ffloc.
1062 1277 1248 1331 Hodie
1277 1284 1329 1332 S.
1369 1282 1570 1353 Georgio
1597 1278 1651 1329 di
1677 1288 1816 1353 Scyro
1836 1322 1854 1345 ,
1882 1275 2041 1330 insula

457 1358 633 1427 AEgaei
662 1358 832 1408 maris,
876 1357 937 1407 In
968 1354 1044 1406 his
1070 1354 1213 1405 navis
1248 1351 1472 1407 rostrum
1507 1350 1822 1428 insculptum
1841 1397 1853 1421 ,
1884 1354 1943 1408 Ν
1949 1369 2042 1427 ep-

457 1430 722 1503 tunusque
748 1447 866 1481 cum
893 1430 1139 1486 tridente.

380 1517 907 1575 ΣΜΙΝΘΑΙΩΝ.
956 1517 1301 1565 ΝΕΩΚΟΡ
1325 1517 1454 1563 ΩΝ.
1499 1504 1541 1558 Ε
1567 1503 1843 1559 Thesauro
1876 1501 2042 1560 Golt-

459 1586 528 1635 zii
548 1628 559 1650 ‚
584 1600 703 1657 pag.
736 1602 853 1651 232.
881 1580 1083 1648 Plinio,
1107 1580 1196 1637 lib.
1223 1602 1273 1637 v.
1308 1584 1423 1633 feet.
1448 1599 1662 1635 xxxtr.
1697 1583 1749 1631 in
1788 1578 2037 1645 AEolide‚

457 1653 760 1715 Smintheum
801 1657 1032 1725 templum
1070 1658 1232 1710 durat.
1299 1653 1601 1726 Stephano:
1633 1655 1806 1728 Σμίνθη
1836 1700 1848 1723 ,
1905 1656 2043 1712 ’πόλις

457 1740 632 1802 Τϋίοις.
662 1733 714 1790 τέ
739 1733 919 1800 ἐθνικόν,
947 1738 1221 1805 Σμινῇυῆος,
1254 1734 1287 1803 ζ.)
1322 1730 1573 1801 Σμιιθεός.“
1598 1731 1837 1804 Apollini
1868 1732 2041 1784 Smin.

459 1812 587 1864 theo
610 1807 746 1862 sacer
774 1810 812 1860 is
841 1808 989 1861 locus
1021 1809 1115 1864 fuit
1134 1852 1148 1875 ,
1180 1809 1261 1859 cui
1292 1823 1487 1858 nomen
1505 1806 1701 1860 fachm
1727 1811 1878 1860 aiunt
1907 1823 1934 1857 a
1955 1805 2038 1857 fu-

453 1888 588 1958 gatis
616 1885 736 1935 inde
756 1883 986 1938 muribus
1011 1909 1021 1936 ε
1061 1882 1176 1933 sunt
1197 1884 1336 1934 enim
1368 1889 1544 1950 qw'r9-0q
1577 1898 1746 1932 mures
1774 1924 1788 1946 ,
1817 1881 2041 1934 Creten-

460 1961 584 2012 fium
611 1958 804 2032 lingua.
830 1957 969 2013 Vide
1004 1956 1327 2011 Eustathium
1348 1958 1400 2008 in
1433 1959 1658 2013 Homer.
1688 1955 1837 2010 Iliad.
1855 1954 1905 2009 α’.

309 2046 358 2102 2
382 2051 439 2097 M
457 2048 499 2095 Υ
518 2049 552 2093 P
574 2049 620 2093 N
643 2046 681 2092 A
698 2047 721 2091 1
750 2044 800 2091 Ω
822 2048 888 2093 N.

301 2150 309 2155 ·
384 2123 769 2177 XMTPNAI
794 2124 922 2170 ΩΝ.
974 2123 1168 2170 ΙΕΡΑ.
1208 2120 1343 2167 KAI.
1385 2120 1830 2170 ΕΛΕΥΘΕΡΑ.
1873 2117 2036 2173 ΣΥΝ-

462 2202 507 2249 Κ
526 2201 573 2249 Α
587 2204 637 2249 H
653 2201 694 2245 T
709 2202 756 2255 O
774 2197 835 2250 Σ.
880 2188 1102 2261 Augusti
1145 2204 1387 2239 nummus
1407 2233 1419 2255 ‚
1445 2205 1473 2240 e
1497 2187 1767 2241 Thesauro
1798 2186 2008 2241 Goltzii
2025 2230 2040 2254 ,

460 2285 583 2340 pag.
620 2286 739 2334 232.
771 2271 826 2318 ὃς
853 2264 994 2338 apud
1017 2264 1302 2317 Oeconem
1322 2305 1336 2329 ‚
1369 2281 1488 2338 pag.
1533 2284 1551 2316 1
1574 2269 1666 2333 83.
1694 2268 2043 2341 Smyrnaeorum

460 2343 599 2411 facer
624 2360 690 2392 ac
713 2337 838 2392 liber
865 2345 1098 2394 Senatm,

384 2414 797 2481 ΣΕΒΑΣΤΗ.
879 2423 1433 2476 ΣΥΝΚΛΗΤΟΣ.
1499 2423 2037 2474 ΣΜΥΡΝΑΙΩΝ.

461 2507 506 2552 Ν
521 2507 559 2557 E
577 2505 625 2550 Ω
645 2505 748 2551 ΚΟ
767 2505 802 2547 P
823 2502 873 2552 Ω
893 2503 954 2546 N.
984 2491 1176 2561 Capita
1203 2493 1310 2543 duo
1344 2488 1554 2542 adversa
1583 2516 1592 2547 ς
1633 2489 1856 2542 alterum
1884 2492 2041 2546 Livia:

462 2569 684 2642 Augusti
703 2564 937 2638 conjugis
956 2608 970 2631 ‚
987 2581 1049 2616 ac
1063 2561 1263 2617 Tiberii
1284 2567 1489 2619 matris:
1518 2564 1738 2617 alterum
1754 2609 1769 2631 ,
1801 2582 1911 2617 non
1931 2569 2041 2619 Au-

462 2629 621 2718 gusti,
646 2659 704 2696 ut
721 2642 933 2696 Patinus
955 2654 1133 2713 putat,
1158 2658 1277 2714 pag.
1301 2662 1368 2714 55.
1389 2658 1507 2692 nam
1528 2643 1566 2693 is
1587 2656 1699 2692 tum
1727 2640 1866 2693 diem
1893 2639 2039 2692 suum

461 2719 672 2772 obierat
690 2762 704 2786 ,
726 2735 844 2769 cum
867 2715 951 2767 hic
968 2733 1208 2768 nummus
1232 2716 1374 2769 cusus
1389 2717 1488 2781 est,
1508 2715 1594 2768 sed
1621 2718 1864 2770 Senatus:
1893 2717 2041 2787 quod

460 2801 516 2851 δι.
543 2793 824 2870 epigraphe
855 2790 1024 2863 palam
1060 2791 1207 2845 facit.
1241 2794 1486 2866 Augusta.
1515 2797 1747 2846 Senatus.
1785 2796 2040 2866 Smyrnaeis

461 2877 716 2925 Neocoris.
735 2870 810 2922 Ex
834 2880 981 2940 parte
997 2865 1170 2918 aversa
1192 2911 1206 2934 ,
1237 2867 1494 2941 templum
1525 2882 1754 2940 quatuor
1771 2865 2039 2918 columna-

462 2965 577 2999 rum
595 2991 610 3014 ,
629 2945 771 3015 cujus
799 2948 849 2995 in
881 2942 1058 2992 medio
1084 2942 1328 2995 Tiberius
1359 2943 1459 2995 stat
1488 2957 1723 3014 togatUS,
1748 2958 1864 2992 cum
1894 2939 2040 3009 scep-

467 3038 581 3076 tro:
614 3028 952 3083 ΣΕΒΑΣΤΩ.
990 3027 1275 3076 ΤΙΒΞΡΙΩ.
1315 3031 1351 3076 E
1368 3028 1416 3075 Π
1436 3030 1477 3074 1.
1513 3028 1563 3073 Π
1579 3030 1670 3075 ΕΤ
1687 3028 1788 3074 ΡὨ
1806 3025 1887 3070 NI
1907 3026 1954 3071 O
1975 3023 2034 3068 Υ.

469 3101 686 3172 Augusto
709 3095 930 3152 Tiberio.
961 3092 1061 3148 Sub
1084 3101 1319 3148 Petronio
1341 3098 1590 3152 Praetore.
1619 3088 1762 3165 Juffu
1792 3091 2042 3142 Liviaeac
