2228 3428
274 189 389 257 604
952 188 997 235 C
1047 188 1108 238 V
1140 185 1191 235 R
1226 187 1303 235 AE

339 262 493 326 loen,
528 260 874 310 consentiunt.
912 257 1073 308 Plane
1105 272 1161 309 ut
1201 272 1476 328 utramque
1508 259 1914 331 appellationem
1944 270 1991 319 ei

339 335 537 406 oppido
565 333 711 386 fuiffe
740 346 1074 382 communem
1109 330 1249 383 haud
1282 346 1477 383 temere
1504 331 1674 384 forfiui
1703 338 1986 394 existimare

380 407 506 459 offis,

261 425 399 535 Μιξί.
431 501 475 534 ν.
519 504 592 554 35.
624 499 686 532 ex
719 479 891 531 aversa
922 494 1068 551 parte
1085 524 1097 544 ,
1130 492 1232 539 ΚΟ
1253 494 1308 539 Μ
1325 494 1378 538 M
1400 496 1440 538 A
1457 493 1495 540 Γ
1515 496 1564 539 H
1580 496 1626 540 N
1645 495 1694 541 Ω
1710 493 1770 541 N.
1805 486 1984 538 Adde.-

336 556 438 608 Sed
456 561 507 608 in
532 559 702 630 priore
723 573 757 618 Φ
781 568 801 611 Ι
823 566 865 611 Λ
888 569 928 609 Α
945 566 1102 612 ΔΕΑ
1125 572 1160 617 Φ
1181 570 1225 613 O
1243 566 1286 617 Σ
1312 573 1483 630 potius
1502 557 1602 630 legi
1630 577 1807 632 putem
1836 577 1990 631 opor.-

334 645 442 681 tere
465 679 477 698 ‚
505 630 650 704 quod
679 633 729 681 in
761 632 1037 702 integriore
1062 650 1278 683 nummo
1311 650 1477 705 nuper
1499 634 1988 689 animadvertimus:

334 725 392 760 ut
421 708 481 759 sit
508 724 703 758 nomen
734 703 859 756 illud
896 721 1086 756 mutuae
1121 724 1236 756 cum
1266 708 1426 758 fratre
1463 710 1688 758 caritatis
1715 725 1994 781 argumen-

337 801 463 837 tum.
497 782 633 837 Vide
667 790 712 841 Σ
728 793 760 837 Ε
774 792 809 835 Β
827 796 868 837 Α
888 789 933 839 Σ
951 792 991 835 Τ
1007 793 1055 837 H
1070 794 1113 836 N
1131 793 1181 838 Ω
1197 795 1243 839 Ν
1276 781 1483 837 Ciliciae.

257 865 383 934 Pag.
431 864 551 915 260.
574 877 622 911 v,
667 879 716 926 9.
749 857 847 911 Sub
891 854 1116 910 Cornelio
1138 869 1301 926 ‚Lupa
1348 857 1503 908 Adde
1530 881 1540 909 :
1573 858 1646 910 Ut
1685 859 1735 908 in
1771 876 1989 912 nummo

333 947 432 993 ΚΥ
451 948 501 991 M
529 946 604 991 AI
626 946 736 991 ΩΝ
769 932 976 984 inferius
1008 932 1224 1005 legimus
1250 977 1264 1000 ,
1294 945 1331 990 E
1350 943 1399 989 Π
1418 944 1456 988 1.
1499 944 1646 990 KOP.
1688 944 1989 992 AOAAIA-

333 1023 514 1070 ΝΟΥ.
552 1009 649 1064 Sub
681 1005 906 1061 Cornelio
936 1006 1190 1061 Lollmno,

257 1091 381 1161 Pag.
429 1106 538 1158 271.
566 1105 612 1138 v.
652 1106 673 1152 3
699 1107 745 1137 2.
774 1082 909 1134 Vide
937 1094 983 1139 H
1003 1098 1037 1140 P
1053 1096 1095 1138 A
1113 1094 1153 1139 K
1172 1095 1212 1142 A
1232 1097 1266 1141 E
1285 1096 1307 1140 Ι
1328 1097 1377 1143 Ω
1393 1099 1453 1141 N.
1482 1084 1631 1136 Adde
1647 1107 1660 1134 .·
1689 1087 1987 1138 Nummum

329 1174 506 1214 tamen
535 1160 756 1213 alterum
793 1158 982 1211 deinde
1004 1160 1221 1211 vidimus
1251 1163 1582 1230 integriorem
1607 1201 1620 1221 ‚
1653 1161 1703 1208 in
1742 1177 1848 1229 quo
1878 1179 1988 1212 non

333 1247 884 1300 HPAKAEIQN,
915 1232 999 1285 sed
1032 1242 1644 1298 ΗΡΑΚΛΕΙΔΗΣ,
1675 1233 1824 1305 quod
1850 1235 1986 1288 Prae-

332 1317 458 1365 toris
480 1330 672 1364 nomen
691 1355 705 1376 ,
739 1309 1047 1382 apertiffime
1070 1310 1311 1384 scriptum
1340 1325 1477 1361 erat:
1509 1328 1572 1360 ex
1606 1327 1712 1378 quo
1735 1312 1874 1378 prior
1901 1309 1989 1362 ille

331 1406 571 1439 nummus
606 1387 745 1439 forte
776 1382 1137 1456 refingendus‚
1177 1403 1335 1458 quem
1375 1387 1425 1436 in
1473 1399 1521 1442 H
1540 1400 1573 1442 Ρ
1594 1397 1634 1439 A
1651 1395 1692 1440 K
1709 1394 1751 1440 Α
1770 1396 1807 1441 E
1829 1395 1851 1438 Ι
1872 1397 1920 1443 Ω
1939 1398 1985 1442 N

332 1462 559 1517 AEolidis
591 1462 814 1514 nummis
845 1460 1130 1514 attulimus,

257 1538 386 1612 Pag.
414 1544 521 1608 278.
551 1557 598 1591 v.
631 1557 692 1605 13.
722 1545 1255 1602 ΒῙΟΦΑΝΤΟΣ,
1285 1533 1413 1609 lege,
1446 1545 1965 1598 ΔΙΟΦΑΝΤΟΣ.

261 1612 386 1688 Pag.
412 1619 511 1667 282.
537 1632 584 1666 v.
620 1634 666 1682 9.
693 1611 911 1672 Σεξοιτῐῡό
937 1615 997 1679 (if)
1016 1613 1192 1668 ταδ’·τα..
1225 1610 1376 1664 Adde
1394 1634 1408 1660 .·
1445 1616 1625 1680 Atque
1651 1612 1847 1683 insigne
1871 1616 1987 1684 qui-

335 1690 452 1740 dem
483 1687 630 1758 hujus
660 1685 900 1738 beneficii
924 1699 1321 1737 monumentum
1345 1703 1585 1736 nummus
1606 1684 1710 1750 est,
1741 1703 1771 1752 e
1802 1685 1987 1739 Museo

336 1768 383 1818 S.
414 1758 710 1817 Genovefae
741 1806 753 1826 ,
797 1764 847 1810 in
874 1778 982 1830 quo
1020 1761 1214 1811 nudum
1256 1759 1469 1831 Augusti
1499 1774 1658 1830 caput
1687 1803 1700 1824 ,
1748 1776 1809 1811 ex
1837 1777 1988 1831 parte

332 1856 467 1903 una,
499 1854 617 1887 cum
658 1833 942 1908 epigraphe
966 1877 979 1900 ,
1009 1846 1151 1890 ΚΑΙ
1175 1842 1456 1894 ΣΑΡΟΣ
1501 1841 1975 1894 ΣΕΒΑΣΤΟΥ;

331 1912 632 1966 Polemonis
659 1911 1010 1961 diadematum
1041 1927 1103 1960 ex
1146 1907 1410 1980 superficie
1432 1908 1590 1958 altera
1613 1952 1626 1973 ,
1664 1909 1865 1979 acijesta
1892 1927 1987 1982 pa-

327 1990 454 2039 riter
474 1984 792 2059 epigraphe,
827 1991 1272 2045 ΒΑΣΙΛΕΩΣ
1307 1992 1605 2040 ΠΟΛΕΜ
1627 1995 1800 2042 ΩΝΟ
1823 1992 1883 2043 Σ.
1914 1986 1982 2037 Et

327 2062 475 2133 hujus
506 2078 636 2112 uxor
665 2063 718 2110 in
740 2077 958 2111 nummo
976 2062 1215 2126 Tiberii,
1236 2070 1271 2113 Β
1289 2074 1330 2114 Α
1346 2069 1391 2117 Σ
1409 2070 1431 2114 Ι
1448 2070 1493 2115 Α
1514 2071 1534 2114 Ι
1554 2068 1596 2116 Σ
1618 2069 1661 2117 Σ
1680 2075 1721 2116 Α
1763 2070 1983 2117 ΠΥΘΟ-

329 2150 382 2197 Δ
402 2150 451 2195 Ω
472 2149 544 2192 ΡΙ
566 2144 611 2196 Σ
647 2149 865 2186 vocatur
885 2177 900 2199 ,
931 2136 996 2186 de
1021 2152 1124 2207 qua
1148 2134 1336 2188 Strabo
1366 2135 1753 2206 perhonorifice
1778 2137 1868 2188 lib.
1893 2138 1983 2189 cit.

328 2231 448 2286 pag.
476 2233 569 2285 555.
593 2209 680 2262 ubi
703 2211 838 2262 hanc
858 2228 973 2261 aevo
1004 2209 1091 2262 suo
1110 2253 1128 2274 ,‚
1158 2208 1262 2260 hoc
1289 2209 1363 2262 est
1385 2252 1398 2274 ,
1426 2207 1625 2261 Tiberii
1654 2211 1946 2284 principatu
1967 2254 1982 2277 ,

329 2304 549 2361 regnum
578 2283 948 2338 administrasse
969 2328 984 2350 ,
1013 2303 1129 2336 cum
1160 2281 1297 2351 filio,
1328 2282 1522 2357 prodit.

256 2371 384 2434 Pag.
417 2368 526 2418 286.
554 2381 601 2417 v,
643 2384 667 2413 2
689 2385 734 2414 2.
764 2365 1006 2413 Dacicus.
1037 2358 1221 2411 Adde:
1252 2361 1291 2413 E
1325 2357 1552 2412 Cimelio
1583 2360 1756 2430 Regio
1783 2363 1986 2413 nummi

332 2435 439 2488 duo
466 2455 616 2488 aeram
645 2435 800 2488 Urbis
830 2434 937 2505 ejus
964 2435 1214 2505 adje&am
1236 2434 1433 2485 habent
1459 2457 1469 2484 :
1497 2431 1658 2498 alter,
1677 2445 1712 2487 B
1737 2446 1847 2493 ΞΡ.
1878 2435 1982 2487 hoc

327 2511 408 2563 «est
427 2555 439 2578 ,
463 2528 654 2565 annum
681 2530 714 2564 c
732 2530 762 2565 1.
783 2527 820 2562 x
840 2529 856 2561 1
875 2530 907 2562 1.
929 2509 1089 2574 alter,
1119 2520 1157 2564 Γ
1179 2519 1221 2566 Ξ
1238 2522 1274 2564 p
1291 2552 1304 2573 ,
1323 2507 1425 2558 hoc
1450 2506 1552 2573 est,
1581 2527 1614 2562 c
1632 2526 1662 2562 L
1679 2527 1715 2561 X
1732 2529 1840 2563 111.
1865 2513 1974 2581 qui.

333 2584 427 2637 bus
455 2587 573 2636 anni
603 2583 758 2639 Urbis
780 2586 966 2636 Romae
990 2582 1304 2656 respondent
1327 2602 1363 2638 D
1381 2601 1413 2636 c
1431 2601 1464 2636 c
1480 2601 1511 2636 c
1527 2602 1557 2637 L
1577 2603 1613 2634 1.
1639 2587 1691 2635 &
1722 2600 1978 2640 DCCCLII.

329 2661 543 2732 Trajani
570 2657 677 2712 fere
700 2661 893 2730 primus
925 2664 978 2711 &
1009 2656 1276 2713 secundus,

256 2737 383 2809 Pag.
412 2742 522 2804 287.
548 2755 595 2788 v.
622 2742 664 2790 8.
692 2734 830 2788 Hist.
852 2736 1059 2806 Regum
1092 2733 1275 2805 Syriae,
1305 2749 1424 2807 pag.
1459 2734 1565 2787 262.
1591 2732 1772 2787 Adde.-
1808 2734 1896 2788 Est
1925 2739 1979 2789 &

330 2829 357 2863 e
382 2808 606 2863 Cimelio
630 2812 814 2883 Regio,

255 2888 382 2958 Pag‚
415 2907 516 2954 291.
554 2905 601 2937 v,
639 2907 700 2956 33.
730 2889 781 2936 in
805 2902 1021 2936 nummo
1056 2901 1211 2958 quem
1242 2882 1495 2951 viduum,
1522 2882 1702 2948 Adde,
1724 2886 1777 2936 in
1801 2885 1976 2939 Cime-

329 2960 400 3011 lio
433 2962 617 3034 Regio,

255 3035 380 3107 Pag.
421 3056 490 3108 29
508 3056 556 3105 3.
588 3054 632 3092 v.
675 3057 697 3089 2
719 3056 767 3109 5.
799 3037 851 3088 in
878 3037 1075 3090 Lacon.
1111 3051 1232 3109 pag.
1276 3055 1410 3108 ¹07·
1442 3032 1612 3092 Adde.
1641 3037 1717 3090 At
1746 3033 1861 3088 fiant
1887 3033 1976 3106 qui
