2228 3428
278 263 372 326 306
714 251 1654 331 NUMMIANTIQUI

353 342 470 390 En.
515 341 804 387 APTEMA.
839 341 942 386 CT
961 345 1012 386 P.
1047 340 1100 385 M
1121 342 1402 388 APNHT
1424 342 1549 388 ΩΝ.
1593 345 1672 389 CI
1693 342 1992 392 HTAOT.

427 407 714 458 Herenniae
746 406 1028 459 Etruscillae
1055 424 1293 458 nummus
1338 424 1365 458 e
1403 406 1626 459 Cimelio
1662 412 1849 482 Regio.
1894 408 1996 465 Sub

425 488 644 537 Artema
667 488 912 543 Praetore‚
937 499 1092 553 quem
1118 487 1175 534 1&
1208 484 1253 534 A
1263 479 1580 555 pamenfium
1611 476 1994 555 Phrygiae-Prae-

428 570 597 608 torem
624 555 769 609 fuiss'e
791 557 883 609 suo
903 556 1025 608 loco
1051 556 1287 610 vidimus,
1321 557 1479 630 Apud
1498 556 1787 608 Gruterum
1807 600 1822 623 ,
1846 575 1994 611 vetus

425 631 724 704 inscriptio,
744 648 855 705 pag.
881 655 997 703 902.
1023 645 1115 687 ΑΡ
1135 644 1352 689 TEMA
1372 644 1430 688 C.
1471 642 1519 686 Δ
1539 644 1587 686 H
1607 643 1657 688 M
1678 644 1993 691 HTPIOT

427 719 483 763 M
498 719 532 764 E
552 719 573 762 Ι
596 717 637 763 Λ
654 722 701 765 Η
717 720 756 766 C
773 720 794 763 I
812 721 857 765 O
876 721 933 766 C.
959 712 1201 759 Artemaes
1225 714 1473 761 Demetrz'z‘
1500 716 1559 760 F.
1589 707 1840 779 Mile-stus.
1862 712 1996 761 Sunt

430 785 518 852 qui
548 785 599 833 in
619 800 681 834 eo
710 802 926 835 nummo
955 782 1163 854 legant,
1195 794 1301 840 ΕΠ.
1340 796 1505 840 CTP.
1547 793 1993 841 APXEMAXOT.

340 867 484 914 *El-11.
519 871 658 915 CTP.
702 870 844 915 ATP.
883 874 917 919 Φ
936 872 970 914 Ρ
986 872 1031 915 Ο
1048 871 1149 916 NT
1167 871 1334 918 ΩΝΟ
1352 872 1408 917 C.
1451 870 1870 924 ΜΑΓΝΙ-ΙΤΩΝ,
1894 872 1933 916 C
1953 871 1996 915 I.

427 933 684 985 Valeriani
706 951 946 987 nummus
969 978 983 999 ,
1011 950 1039 984 e
1066 935 1287 988 Cimelio
1316 938 1489 1008 Regio
1509 978 1522 1001 ‚
1555 938 1635 986 cui
1667 934 1877 986 fixnilem
1913 932 1994 986 af-

423 1005 526 1059 fert
556 1010 765 1061 Patinus
784 1052 797 1076 ,
826 1008 915 1060 sub
944 1008 1194 1062 Gallieno
1223 1054 1236 1077 ,
1265 1027 1381 1083 pag.
1416 1031 1521 1080 413.
1558 1014 1612 1062 &
1643 1012 1801 1062 Occo
1823 1054 1837 1078 ,
1872 1026 1991 1083 pag.

425 1105 567 1154 473.
608 1083 959 1155 Museumque
987 1083 1218 1136 nostrum
1247 1084 1388 1135 hunc
1418 1085 1593 1137 habet.
1638 1085 1740 1138 Sed
1770 1101 1994 1156 uterque

423 1157 513 1209 has
538 1158 734 1209 litteras
768 1172 806 1217 C
826 1171 864 1214 Ι.
903 1175 1030 1230 quas
1064 1161 1114 1209 in
1145 1177 1208 1211 eo
1233 1156 1495 1213 Valeriani
1528 1158 1872 1228 Gallienique
1896 1176 1994 1212 nu-

421 1234 653 1285 mismate
673 1234 937 1307 perspicue
965 1233 1203 1301 vidimuS,
1227 1234 1566 1305 praetermifit.
1600 1237 1676 1287 Ex
1702 1231 1894 1304 quibus
1914 1235 1993 1304 in.

423 1307 626 1380 telligas
658 1311 938 1382 Magnetes
963 1326 991 1359 a
1010 1310 1188 1380 Sipylo
1217 1311 1456 1361 Praetoris
1485 1325 1679 1359 nomen
1700 1304 1995 1380 impreffisse

421 1386 674 1435 nummis:
696 1385 823 1435 alios
850 1385 939 1454 qui
959 1382 1026 1434 ad
1045 1385 1373 1435 Maeandrum
1395 1429 1408 1450 ,
1433 1384 1872 1455 Γϋιμματέυωπς,
1892 1383 1994 1434 five

419 1457 627 1511 Scribae.
658 1462 825 1513 Hunc
846 1461 1003 1530 igitur
1027 1458 1092 1509 fic
1122 1458 1268 1532 lege,
1295 1460 1407 1517 Ἐπὶ
1425 1460 1716 1533 27³5oewa
1741 1461 1994 1531 Ἀυρηλίου

420 1533 679 1598 Φρίντωνος.
709 1533 965 1593 ΜοιΓννῖπων
1000 1533 1228 1593 Σιπύλου.
1253 1536 1353 1587 Sub
1378 1543 1598 1591 Praetore
1614 1535 1819 1590 Aurelio
1839 1543 1995 1589 ,Fron-

419 1622 544 1662 tone.
573 1619 644 1664 M
650 1624 880 1681 agnetam
905 1629 941 1659 a
973 1608 1154 1684 Sipylo,

346 1693 572 1740 CTPA.
612 1697 1113 1744 AOTFEINOT.
1156 1699 1208 1744 Β.
1247 1698 1743 1746 ΜΑΓΝΗΤΩΝ.
1799 1696 1987 1741 ΕῘΠΥ.

420 1758 650 1813 Gallieni
671 1780 908 1813 nummus
927 1807 941 1829 ‚
970 1764 1107 1833 apud
1141 1765 1418 1815 Oeconem
1441 1807 1454 1828 ,
1484 1780 1601 1834 pag.
1624 1766 1992 1833 473.-Praetore

418 1842 640 1908 Longino
672 1843 844 1889 iterum
864 1879 879 1900 ‚
915 1845 1225 1910 Magnetum
1253 1856 1285 1887 a
1319 1838 1498 1912 Sipylo,
1530 1839 1687 1889 Occo
1718 1835 1783 1887 fic
1809 1835 1989 1888 defor-

416 1925 617 1960 matum
663 1910 917 1964 exhibet:
973 1925 1013 1969 C
1037 1925 1077 1967 T
1104 1927 1208 1969 PA.
1254 1925 1453 1971 ΟΓΓἘ
1473 1925 1493 1968 I
1514 1923 1692 1970 ΝΟΥ.
1740 1922 1793 1967 Β.
1841 1925 1898 1968 Μ
1919 1924 1993 1980 Λή

415 1995 453 2041 Γ
472 1999 517 2041 Ν
533 1998 579 2040 H
594 1997 635 2039 T
654 1997 702 2041 Ω
722 2001 766 2043 Ν
783 2001 824 2045 C
843 1999 862 2042 I
880 2000 925 2044 O
941 1999 998 2042 Υ.

339 2075 395 2119 ῙἋ
417 2073 695 2118 ΑΓΝΙ-ΙΤ
716 2075 838 2120 ΩΝ.
882 2077 921 2121 C
942 2075 1098 2120 ΙΠΥ.

333 2150 542 2196 ΜΑΓΝ.
586 2150 633 2194 Δ
650 2151 672 2193 Ι
694 2151 733 2193 Α
750 2152 787 2196 Γ
806 2153 851 2197 O
870 2154 904 2195 P
924 2154 964 2194 A
985 2154 1042 2197 C.
1085 2147 1391 2214 Magnetum
1410 2145 1673 2215 Diagoras
1693 2139 1989 2194 PraefestuS.

339 2228 396 2271 M
414 2225 507 2269 ΑΓ
523 2229 583 2271 Ν.
626 2225 675 2269 Π
697 2227 742 2270 O
762 2226 805 2270 A
821 2229 856 2272 E
875 2229 929 2271 M
951 2228 1000 2272 Ω
1017 2229 1076 2272 N.
1121 2223 1430 2290 Magnetum
1459 2215 1712 2271 Polemon.

340 2305 398 2348 M
422 2302 460 2342 A
476 2302 512 2344 Γ
530 2303 587 2345 Ν.
634 2302 676 2343 A
698 2302 740 2348 Ξ
762 2304 782 2346 Ι
803 2304 848 2347 O
864 2303 907 2346 X
929 2304 973 2347 O
992 2307 1050 2350 C.
1097 2299 1405 2363 Magnetum
1426 2290 1702 2347 Axiochm.

335 2376 835 2424 MAFNHTQN.
897 2377 1273 2423 EPACTIH
1296 2377 1473 2425 HOC.
1534 2375 1983 2425 APICTEOT.

416 2449 716 2511 Magnetum
765 2442 1042 2509 Erastz'ppus
1086 2443 1292 2508 Aristeae
1330 2450 1393 2496 F,
1433 2444 1471 2495 E
1503 2445 1733 2514 quinque
1762 2442 1986 2492 nummis

413 2513 553 2566 hisce
581 2514 854 2585 postremis
877 2560 891 2583 ,
921 2532 1038 2566 cum
1058 2514 1234 2566 iisdem
1267 2515 1366 2567 fint
1387 2516 1612 2588 insigniti
1637 2517 1776 2566 notis
1806 2514 1982 2587 poste·

412 2591 516 2641 rius
540 2587 787 2660 appellati
819 2604 1048 2659 quatuor
1067 2635 1079 2656 ‚
1106 2607 1166 2641 ac
1190 2593 1331 2663 prior
1348 2591 1433 2644 ille
1463 2603 1520 2646 M
1538 2602 1633 2646 ΑΓ
1651 2603 1696 2648 Ν
1715 2603 1764 2647 H
1782 2602 1823 2644 T
1846 2602 1895 2647 Ω
1917 2604 1978 2646 N.

412 2675 451 2720 C
472 2675 493 2718 I
513 2673 634 2718 ΠΥ.
663 2665 712 2713 in
739 2665 944 2717 Graecia
982 2664 1188 2718 Goltzii
1221 2680 1397 2718 vetere
1416 2711 1430 2733 ‚
1458 2667 1598 2722 Tab.
1626 2685 1658 2717 x
1678 2685 1707 2717 x
1729 2688 1763 2719 1.
1791 2681 1983 2737 nempe

404 2741 597 2809 ,equitis
627 2737 798 2811 effigie
826 2755 888 2790 ex
920 2754 1065 2812 parte
1093 2758 1194 2792 una
1216 2740 1340 2806 ,vel
1370 2744 1556 2796 Dianae
1587 2744 1791 2814 capite,
1827 2754 1886 2790 ut
1927 2742 1981 2791 in

415 2815 601 2882 quinto
625 2837 635 2864 :
666 2812 812 2866 bovis
843 2830 906 2865 ex
934 2812 1126 2881 altera,
1153 2816 1256 2867 five
1282 2816 1487 2883 stantis,
1526 2815 1630 2870 five
1662 2817 1832 2888 priore
1865 2813 1979 2866 fini-

411 2886 516 2938 stro
546 2906 682 2960 genu
717 2888 1136 2961 procumbentis:
1168 2893 1234 2941 ad
1263 2892 1542 2964 Magnetes
1565 2909 1591 2941 a
1616 2888 1795 2963 Sipylo
1826 2891 1982 2961 perti-

412 2979 534 3013 nere
563 2981 650 3015 eos
678 2966 842 3015 verius
873 2962 1071 3015 idcirco
1101 2965 1409 3017 arbitramur
1427 3010 1441 3031 ,
1480 2982 1638 3037 quam
1663 2967 1730 3019 ad
1759 2961 1977 3016 Thessa-

413 3037 488 3084 los
511 3081 523 3102 ,
557 3037 647 3088 etfi
668 3037 817 3088 aliter
834 3038 1080 3092 Goltzius
1097 3082 1112 3103 ,
1139 3038 1490 3112 Nonniusque
1507 3083 1520 3107 ‚
1549 3046 1601 3092 &
1618 3039 1699 3090 alii
1715 3036 1976 3091 censuere.

336 3122 839 3170 ΜΛΓΝΗΤΩΝ.
890 3122 1231 3173 CIHTAO
1257 3126 1314 3174 C.
1343 3115 1494 3189 Jovis
1517 3114 1713 3186 effigies
1739 3154 1754 3178 ‚
1791 3111 1976 3163 dextra.
