2228 3428
754 191 1458 249 I'LLUSTRATI.
1912 213 1994 264 137

419 269 512 326 lib.
550 290 566 324 1
593 290 609 324 1
636 289 681 323 1.
711 266 826 324 se&
853 289 881 321 v
900 291 917 323 1
937 291 971 323 1.
1009 275 1241 324 Dertona
1269 268 1453 318 colonia
1472 307 1486 327 ,
1511 266 1560 316 in
1596 267 1809 339 regione
1834 269 1994 321 Italiae

419 363 561 397 nona
578 389 591 412 ,
623 361 724 416 qua
743 345 951 416 Liguria
970 346 1285 394 continetur.
1319 342 1505 393 Hodie
1536 346 1779 403 Tariona,
1804 344 1853 392 in
1878 347 1995 398 Du-

422 415 1113 486 catuMediolanenfi.Apud
1129 416 1922 488 Gruterum‚p.ccchXxxvn.
1946 420 1996 472 6.

418 497 584 549 IVL.
640 491 1124 547 DERTONA.

269 574 326 629 D
344 572 383 624 E
405 573 455 624 Κ
471 572 520 622 T
539 572 593 622 O
612 571 642 622 S
660 568 708 619 A
730 608 744 630 ,
773 571 825 616 in
840 567 1139 632 Hispania,
1168 563 1243 616 ad
1264 563 1478 617 Iberum.

341 649 398 702 D
421 646 460 698 E
479 645 608 698 ΚΤ.
654 641 734 694 IL
751 641 788 692 E
810 643 860 693 R
878 640 930 693 G
949 642 994 692 A
1016 641 1069 693 O
1089 642 1147 694 N
1167 641 1189 692 I
1206 641 1272 691 A.
1302 641 1571 693 Nummus
1596 642 1824 707 Tiberii,
1853 642 1994 715 apud

418 720 638 773 Suritam
660 758 674 781 ,
707 715 759 764 in
789 715 967 770 Itiner.
1001 717 1204 767 Anton.
1245 731 1364 787 pag.
1399 719 1513 786 548.
1545 712 1749 782 Plinio,
1780 715 1871 769 lib.
1902 737 1991 770 111.

416 793 531 846 fee‘t.
565 810 583 843 1
602 808 650 844 v,
677 788 967 862 Dertustzni.
996 793 1062 845 Et
1091 787 1253 861 paulo
1282 802 1405 840 ante
1426 831 1439 853 ‚
1474 795 1629 862 Regio
1661 788 1997 864 Ilergaonum:

416 865 590 922 Iberus
614 872 803 929 amnis,
823 868 925 918 &o
954 865 1120 916 Nunc
1138 863 1211 914 est
1234 863 1468 935 Tortose,
1489 867 1539 915 in
1564 864 1885 919 Catalaunia.

340 944 420 996 M.
459 942 536 995 H.
575 939 1315 994 ILLERGAVONIA.
1350 940 1615 996 DERT.
1658 941 1799 1013 apud
1832 943 1997 1014 Span-

416 1016 675 1082 hemium,
703 1031 818 1088 pag.
847 1019 972 1084 766.
1013 1020 1067 1067 ὃς

310 1094 561 1149 -MVN.
602 1091 659 1144 H
682 1092 702 1143 I
723 1091 761 1141 B
781 1091 819 1143 E
840 1093 911 1146 Κ.
945 1090 1075 1157 ΗΘΕ
1107 1087 1211 1156 est,
1246 1095 1589 1158 Municipium.
1623 1088 1832 1145 Hibera
1865 1090 1992 1145 Mer..

413 1171 638 1240 gavonia
664 1165 895 1237 Dertosa.

341 1240 404 1296 M
426 1246 471 1297 V
494 1245 572 1298 N.
620 1244 673 1297 D
691 1242 731 1295 E
750 1244 860 1295 ΚΤ
880 1243 932 1295 Ο
955 1243 983 1295 S
1008 1241 1072 1294 A.
1117 1240 1315 1295 Tiberii
1341 1284 1355 1307 ,
1396 1258 1424 1294 e
1453 1238 1722 1293 Thesauro
1771 1240 2000 1307 Goltzii‚

420 1335 539 1391 pag.
577 1337 690 1388 243.
719 1314 879 1388 Apud
915 1317 1204 1371 Gruterum
1226 1360 1239 1381 ,
1273 1332 1391 1389 pag.
1419 1336 1450 1371 c
1470 1335 1503 1372 c
1525 1334 1642 1371 eci
1665 1334 1698 1369 1.
1744 1316 1998 1371 ORDO.

419 1394 475 1448 D
500 1396 538 1447 E
558 1395 673 1449 ΚΤ
691 1394 742 1446 O
765 1393 863 1445 SA
887 1395 926 1448 12

269 1469 329 1524 D
345 1469 384 1520 E
402 1470 452 1522 V
471 1470 573 1522 LT
593 1470 720 1522 O'N
746 1511 759 1533 ,
796 1474 844 1519 in
869 1464 1111 1520 Thracian

342 1543 409 1601 C.
447 1544 503 1598 F.
559 1544 617 1597 P.
653 1545 728 1597 D.
765 1541 976 1614 Trajani
1014 1559 1286 1595 nummus:
1314 1543 1363 1593 in
1409 1561 1517 1615 quo
1546 1559 1609 1596 ex
1647 1558 1795 1618 parte
1830 1544 2007 1597 aversa

425 1615 575 1671 bovis
609 1631 767 1691 caput
801 1616 1131 1690 insculptum.
1187 1618 1226 1672 E
1273 1613 1501 1671 Cimelio
1547 1622 1736 1694 Regio.
1794 1620 2002 1675 Colonia

414 1692 616 1748 Flavia
644 1691 877 1766 Pacenfis
911 1692 1151 1766 Deuiton.
1716 1735 1717 1738 ,

341 1770 394 1824 C
414 1771 466 1825 O
485 1772 545 1824 L.
611 1771 648 1823 F
667 1770 725 1824 L.
770 1770 808 1822 P
827 1770 876 1822 A
895 1769 960 1823 C.
1027 1772 1083 1824 D
1105 1771 1144 1822 E
1163 1773 1211 1825 V
1227 1771 1349 1824 LT.
1394 1771 1680 1827 Caracalla:
1724 1789 1972 1825 nummus
1991 1814 2009 1838 ,

420 1845 565 1919 apud
590 1846 756 1900 Patin.
799 1861 917 1919 pag.
945 1865 1047 1914 301.
1091 1849 1144 1897 &
1175 1846 1449 1915 Mamaeae,
1480 1864 1597 1921 pag.
1622 1868 1728 1918 343.
1770 1847 1855 1900 ille
1888 1865 2008 1899 cum

421 1920 543 1995 lupa
574 1927 628 1975 &
653 1919 885 1994 gemellis
900 1964 915 1987 ,
940 1918 1175 1973 deducstae
1191 1938 1219 1971 a
1241 1924 1496 1976 Romanis
1516 1923 1764 1977 militibus
1785 1922 2005 1975 coloniae

419 2011 735 2068 argumento
754 1994 890 2048 :iste
909 2036 924 2060 ‚
954 2012 1070 2046 cum
1110 1996 1298 2049 Dianae
1332 1999 1608 2049 venatricis
1634 1997 1822 2071 effigie.
1876 1999 2007 2049 Sunt

425 2072 696 2122 &nummi
732 2068 917 2121 fimiles
936 2070 1192 2135 Macrini,
1223 2069 1512 2125 Alexandri
1540 2073 1739 2138 Severi,
1775 2071 2004 2126 Gordia„

423 2146 513 2211 ni,
535 2143 945 2216 Tranquilliinae,
976 2148 1077 2196 δίε.
1114 2160 1295 2195 omnes
1326 2146 1377 2195 in
1407 2145 1635 2198 Cimelio
1664 2148 1853 2220 Regio,
1910 2155 2009 2201 Co.-

423 2218 559 2270 lonia
575 2219 793 2272 'Flavia
815 2218 1044 2289 Pacenst's
1072 2216 1295 2271 Deulton
1312 2242 1326 2269 .·
1349 2237 1459 2270 non
1478 2220 1726 2284 Pacifem
1745 2260 1761 2282 ‚
1784 2236 1841 2272 ut
1867 2222 2011 2274 Pati..

425 2310 520 2344 nus
563 2293 939 2365 interpretatur
970 2316 980 2343 z
1018 2308 1118 2342 nec
1149 2292 1377 2362 Pacifica
1402 2333 1419 2354 ,
1453 2310 1511 2345 ut
1538 2295 1809 2346 Tristanus
1832 2339 1851 2362 ἵ
1879 2311 2010 2348 tom.

435 2386 458 2420 1
482 2388 526 2421 1.
553 2384 669 2440 pag.
698 2386 825 2438 454.
861 2370 913 2418 &
939 2363 1026 2416 alii
1058 2382 1176 2417 eum
1199 2366 1376 2420 secuti.
1408 2369 1492 2421 Sic
1521 2367 1615 2422 lib.
1658 2390 1672 2422 1
1701 2390 1718 2423 1
1745 2391 1789 2424 1.
1820 2369 1933 2424 feei.
1959 2390 2008 2425 V.

425 2443 618 2496 Forum
655 2442 767 2513 Julii
790 2444 841 2493 in
871 2441 1210 2495 Narbonensi
1244 2444 1552 2511 Provincia,
1583 2443 1864 2498 Pacensem
1897 2446 2012 2498 Co.-

425 2515 621 2569 Ioniam
643 2516 959 2591 appellatam
996 2513 1127 2582 esse,
1163 2531 1273 2567 tum
1305 2515 1500 2571 Plinius
1521 2564 1535 2587 ‚
1565 2534 1675 2570 tum
1699 2562 1714 2586 ,
1742 2534 1800 2570 ut
1831 2518 1902 2572 ibi
1933 2520 2014 2571 di-

408 2594 594 2644 ‘ximus
615 2636 629 2659 ‚
660 2593 856 2644 nummi
886 2591 1167 2645 test'antur.-
1196 2593 1377 2659 Eidem
1397 2637 1411 2659 ,
1443 2592 1529 2647 lib.
1578 2616 1596 2648 1
1616 2615 1667 2647 v.
1702 2594 1826 2650 sest..
1851 2612 2011 2651 xviri.

424 2667 714 2733 Develton,
748 2667 881 2740 quod
919 2683 1044 2718 nunc
1071 2666 1313 2721 Deultum
1339 2684 1565 2723 ‘vocatur
1597 2710 1610 2731 ,
1652 2685 2010 2726 veteranorum.

331 2776 334 2779 -
426 2744 744 2807 PtolemaeO,
782 2742 1042 2799 Δεοόελτος
1068 2749 1261 2800 κολωνία
1283 2788 1296 2809 ,
1328 2741 1416 2798 lib.
1456 2766 1473 2798 1
1501 2764 1518 2798 1
1544 2766 1590 2798 ι.
1620 2762 1736 2818 cap.
1761 2765 1829 2798 XI
1852 2766 1866 2798 1
1892 2768 1926 2799 1.
1958 2749 2010 2797 in

429 2818 821 2869 mediterraneis
863 2816 1102 2877 Thracia*
1145 2817 1463 2872 civitatibus,
1530 2820 1749 2872 Eusebio
1783 2864 1798 2885 ,
1837 2820 1926 2874 lib.
1959 2840 2006 2873 vr.

432 2889 628 2944 Eccles.
658 2892 798 2945 Hist.
828 2910 940 2964 cap.
964 2910 997 2943 x
1017 2913 1033 2944 1
1050 2910 1098 2943 x,
1131 2891 1368 2950 Asssemv's
1393 2899 1590 2950 κολωνία
1617 2895 1654 2950 ἓ
1674 2894 1906 2966 Θρᾴκης.-

316 3003 320 3005 -
350 2968 403 3022 C
424 2967 476 3018 O
498 2967 556 3020 L.
603 2968 638 3018 P
660 2968 717 3020 L.
758 2969 956 3023 FAC.
1004 2969 1058 3020 D
1079 2968 1179 3021 EV
1200 2968 1324 3023 LT.
1374 2969 1511 3020 Cum
1559 2968 1825 3042 Apollinis
1871 2973 2011 3029 nuda

379 3089 384 3094 .
425 3040 615 3116 effigie.
654 3043 873 3096 Maximi
902 3059 1141 3095 muninus
1172 3043 1582 3118 apud-parinum
1602 3089 1615 3114 ‚
1641 3061 1760 3119 pag.
1793 3065 1814 3114 3
1833 3052 1911 3118 518.
