2228 3428
247 266 339 317 ¹32
686 244 1014 299 NUMMI
1076 243 1489 316 ANTIQUI

395 320 598 390 ὀνόματι,
628 320 784 386 πιᾶὗί
810 346 868 388 με
901 319 1279 392 τωϋφςέψαοὸυᾳ.
1298 321 1453 373 Est&
1475 319 1974 396 Gordianisjuninris

394 400 447 447 in
466 393 691 447 Cimelio
710 398 895 469 Regio,
917 397 1104 453 Δοίλὲις
1123 396 1243 446 urbs
1262 394 1437 468 Lydiae
1458 396 1654 448 Suidae:
1683 400 1973 453 Ptolemaeo

395 471 484 524 hb.
509 490 555 524 v.
585 487 698 542 cap.
734 492 751 524 1
780 492 823 524 1.
853 472 1097 528 Δσζλςῑξιω,
1151 473 1210 523 In
1236 471 1450 524 Notitia
1492 468 1634 524 Eccl.
1674 473 1974 542 HierocliS,

394 549 529 598 inter
561 543 846 619 Episcopos
879 548 1167 605 Provinciae
1197 544 1373 616 Lydiae
1400 589 1413 612 ,
1467 547 1491 599 ὅ
1526 547 1720 605 Δοίλλκς
1761 590 1774 612 ,
1810 548 1925 621 lege
1952 554 1977 604 ἅ

393 622 597 680 Δοίλῶτς
613 666 625 688 ,
645 638 756 695 pag.
777 643 861 693 45.
880 624 1026 675 uti&
1044 639 1161 696 pag.
1183 639 1242 688 13.
1270 619 1617 675 Leunclavius
1636 666 1650 689 ,
1673 625 1697 676 ὅ
1724 623 1972 682 Δοίλὲξων.

241 697 299 750 D
319 699 366 751 A
385 699 429 751 L
449 701 509 751 M
533 702 578 750 A
595 699 686 749 TI
707 699 771 750 A.

315 773 823 827 ADVENTVI.
869 772 1068 827 AVG.
1115 770 1536 828 DELMATI
1561 771 1668 824 ΑΕ.
1702 772 1787 827 Sic
1825 775 1965 825 enim

391 847 628 899 scribitur
666 848 717 896 in
760 849 982 898 nummis
1005 891 1019 914 ,
1048 864 1154 897 non
1186 843 1490 898 Dalnzatz'ae.
1556 849 1876 918 Qanquam
1918 850 1971 899 in

389 922 724 994 inscriptione
754 921 953 973 vetusta
982 921 1124 994 apud
1149 920 1440 972 Gruterum
1461 963 1474 985 ,
1506 938 1624 992 pag.
1650 941 1682 975 c
1701 941 1732 975 c
1750 941 1780 975 L
1801 942 1833 975 v
1855 943 1892 978 1,
1925 945 1968 976 2.

392 998 715 1052 PROPR.
768 995 1364 1051 PROVINCIAE
1408 996 1971 1050 DALMATIAE

390 1072 626 1146 legimus
661 1070 765 1124 Sed
788 1076 841 1125 &
862 1089 977 1144 pag.
1019 1092 1057 1127 D
1075 1091 1104 1125 L
1123 1089 1160 1124 X
1180 1089 1217 1125 X
1239 1090 1252 1121 1
1275 1089 1327 1122 v.
1363 1089 1401 1141 5.
1447 1072 1503 1123 D
1522 1071 1561 1122 E
1580 1071 1622 1122 L
1642 1073 1701 1123 M
1724 1072 1771 1123 A
1789 1073 1840 1124 T
1863 1075 1885 1125 Ι
1906 1074 1970 1126 A.

390 1150 654 1201 Nummus
677 1146 760 1198 hic
785 1146 858 1197 est
885 1146 1176 1214 Hadriani,
1197 1161 1257 1195 ex
1283 1141 1539 1211 O'ccone,
1570 1162 1684 1217 pag.
1713 1166 1822 1212 230.

310 1222 371 1273 M
396 1223 435 1275 E
452 1225 521 1277 T.
568 1226 622 1277 D
643 1223 683 1275 E
701 1223 745 1276 L
765 1223 843 1275 M.
879 1221 1178 1286 Hadriani,
1205 1236 1232 1269 e
1257 1218 1482 1270 Cimelio
1517 1223 1712 1292 Regio.
1757 1221 1969 1273 Metal.

390 1297 491 1348 lum
518 1297 877 1352 Delmaticum.
913 1295 1049 1349 Vide
1093 1296 1130 1347 P
1154 1297 1200 1349 A
1220 1296 1278 1348 N
1300 1295 1359 1348 N
1383 1295 1435 1347 O
1456 1296 1512 1346 N
1537 1296 1559 1346 Ι
1583 1299 1645 1348 Α.
1688 1296 1808 1346 Fuit
1832 1295 1971 1350 Dal-

389 1374 547 1425 matia
570 1390 599 1425 e
626 1373 903 1444 provinciis
922 1414 936 1435 ,
964 1388 1079 1440 quae
1105 1367 1345 1441 Augusto
1386 1367 1603 1434 ceffere,
1634 1383 1692 1419 ut
1717 1369 1940 1421 diximus
1965 1414 1980 1438 ‚

391 1448 556 1498 verbo
584 1450 639 1502 D
665 1453 707 1500 A
732 1449 777 1499 C
798 1449 821 1496 I
844 1447 902 1496 A.
925 1448 1105 1516 Qare
1133 1447 1221 1512 qui
1250 1445 1296 1492 ei
1325 1446 1564 1512 regendae
1594 1440 1768 1494 missus
1798 1462 1828 1495 a
1851 1445 1973 1497 Cae-

389 1520 499 1572 sare
522 1519 621 1572 fuit
640 1564 654 1587 ,
685 1519 793 1579 ,LE
812 1520 882 1572 G.
921 1522 967 1570 A
987 1520 1034 1570 V
1056 1521 1123 1573 G.
1175 1519 1288 1571 PR.
1327 1516 1438 1569 PR.
1484 1517 1967 1572 DALMATIAE.

389 1604 620 1669 Legams
641 1597 853 1667 Augusti
874 1601 1170 1660 Propraetore
1199 1587 1485 1644 Dalmatjae
1507 1632 1522 1654 ,
1549 1592 1602 1640 in
1628 1593 1847 1662 antiqua
1867 1593 1971 1643 ins-

389 1672 649 1743 criptione
680 1667 1002 1743 appellatur,
1031 1666 1169 1740 apud
1202 1669 1490 1721 Gruterum
1514 1708 1528 1732 ,
1557 1682 1674 1739 pag.
1699 1683 1895 1720 cccc11.
1920 1673 1970 1723 6.

235 1747 293 1802 D
315 1746 360 1798 A
384 1747 440 1797 M
461 1747 508 1797 A
525 1748 553 1799 S
575 1746 621 1798 C
641 1748 687 1799 V
709 1748 738 1797 S
767 1791 779 1811 ,
802 1750 851 1794 in
872 1741 1249 1811 Decapolitana
1273 1746 1425 1816 Syriae
1459 1746 1658 1815 regione.

308 1833 360 1878 Δ
380 1835 422 1877 Α
441 1833 491 1878 Μ
510 1835 553 1878 Α
572 1829 614 1881 Σ
631 1832 673 1878 Κ
691 1833 737 1877 H
758 1835 803 1877 N
819 1831 867 1876 Ω
882 1832 944 1877 Ν.
984 1818 1205 1890 Augusti
1248 1834 1487 1868 nummus
1518 1815 1659 1889 apud
1695 1817 1931 1869 Patinum
1951 1862 1965 1886 ‚

382 1914 502 1969 pag.
528 1920 618 1967 47.
641 1900 690 1947 in
716 1915 825 1968 quo
856 1909 1012 1967 caput
1030 1895 1270 1945 turritum
1290 1893 1474 1945 Cornu
1501 1893 1666 1963 copiae
1685 1894 1822 1964 gerit
1841 1935 1854 1958 ,
1873 1893 1966 1944 ad-

376 1972 516 2043 jecffa
540 1975 762 2022 natantis
789 1972 883 2022 viri
909 1968 1110 2041 effigie,
1130 1986 1238 2038 quo
1258 1967 1379 2017 situs
1407 1965 1680 2037 oppidiad
1706 1964 1963 2038 Chrysor-

386 2045 565 2096 rhoam
585 2062 790 2096 amnem
811 2088 824 2108 ‚
856 2046 1073 2115 agrique
1101 2041 1334 2092 fertilitas
1367 2039 1634 2091 indicatur.

305 2132 342 2175 E
359 2129 408 2175 Π
428 2133 468 2175 Ι.
504 2132 561 2175 Τ.
600 2131 648 2176 Δ
673 2133 713 2175 A
731 2132 788 2176 M
808 2133 865 2175 A.
898 2121 1170 2171 Nummus
1195 2116 1426 2170 Neronis
1444 2159 1457 2182 ,
1476 2114 1617 2188 apud
1641 2115 1965 2185 Tristanum‚

385 2207 516 2250 tom.
549 2219 583 2250 1.
611 2214 728 2268 pag.
763 2217 863 2263 230.
894 2200 944 2246 &
969 2195 1016 2243 in
1043 2194 1214 2245 Patini
1243 2191 1421 2243 Indice
1440 2234 1455 2256 ‚
1480 2207 1598 2261 pag.
1624 2212 1673 2258 7.
1707 2208 1861 2260 quem
1890 2191 1964 2243 illi

380 2268 713 2321 referendum
742 2271 810 2319 ad
847 2264 1202 2321 Damascenos
1230 2277 1436 2336 putant.
1464 2262 1641 2315 Falso:
1677 2280 1792 2313 cum
1816 2265 1963 2317 fitibi

384 2344 627 2396 Prae-tofis
656 2358 846 2394 nomen
867 2385 881 2408 ‚
915 2346 1062 2393 Titus
1090 2337 1378 2408 Damafias.
1421 2339 1604 2409 Hygia
1633 2336 1716 2389 seu
1740 2336 1883 2390 Salus
1907 2341 1963 2391 in

380 2433 446 2468 eo
470 2435 687 2469 nummo
709 2417 920 2488 signata.
963 2415 1097 2467 Vide
1130 2428 1166 2472 E
1183 2429 1217 2470 Ρ
1235 2426 1267 2469 Ε
1284 2425 1323 2468 T
1339 2428 1373 2469 P
1389 2425 1411 2468 Ι
1428 2426 1463 2469 E
1484 2424 1533 2468 Ω
1550 2426 1612 2469 N.

307 2501 975 2551 MHTPOHOAEQC
1023 2500 1656 2546 ΔΑΜΑΕΚΗΝΩΝ.
1700 2489 1960 2541 Commo-

383 2570 463 2634 di,
493 2572 700 2634 Severi,
735 2575 786 2621 ὃ(
824 2565 1110 2620 Caracallae
1156 2567 1370 2617 nummi.
1435 2562 1527 2618 Ob
1559 2563 1963 2636 amplitudinem

379 2646 606 2695 ¹civitatis
650 2643 933 2694 honorario
986 2639 1361 2714 Metropoieos
1407 2638 1562 2690 titulo
1604 2640 1801 2691 donata
1845 2642 1964 2694 Da-

379 2718 578 2782 mascus
615 2717 719 2771 est:
753 2734 850 2769 nec
878 2717 1236 2769 mediterraneae
1265 2714 1429 2765 modo
1465 2712 1756 2776 mamam»,
1787 2730 1846 2766 ut
1879 2715 1962 2766 lo-

382 2797 559 2863 qui-tur
589 2796 947 2856 Hieronymus
968 2835 981 2857 ,
1015 2790 1190 2862 quaest.
1215 2809 1262 2843 x.
1302 2792 1355 2839 in
1392 2785 1579 2842 Genes.
1618 2799 1960 2861 (quanquam

379 2868 432 2918 id
453 2871 616 2919 verius
641 2858 834 2922 Edesffe
871 2866 1030 2919 decus
1056 2867 1185 2933 fuit,
1212 2881 1269 2918 ut
1297 2864 1385 2916 suo
1417 2864 1539 2916 loco
1574 2864 1832 2934 dicemus)
1869 2863 1958 2916 sed

380 2947 433 2993 &
465 2946 619 3015 Syriae
645 2945 805 2994 totius
839 2941 1161 3012 Metropolis
1193 2940 1408 2993 credita.

308 3028 351 3072 K
367 3031 412 3074 O
429 3027 473 3070 A
491 3031 540 3075 Ω
559 3035 604 3077 N
619 3032 640 3074 I
661 3033 703 3074 A
720 3029 777 3075 C.
821 3026 1225 3073 ΔΑΜΑΕΚΟΥ.
1271 3025 1580 3070 ΜΗΤΡΟΠ.
1617 3010 1916 3065 Caracallae.

303 3102 558 3152 IEPAC.
603 3105 767 3152 ΚΑΙ.
833 3102 988 3151 Acis
1009 3100 1117 3147 Ao
1136 3102 1193 3145 Υ.
1255 3098 1750 3148 AAMACKOT.
1784 3087 1949 3147 Cara-
