2228 3428
657 180 1322 243 MONETAR1A;
1772 213 1869 266 559

361 300 480 370 2⁹0st
504 294 606 352 haec
627 301 820 370 placuit
854 321 907 356 x.
935 321 974 357 x
992 321 1039 356 L.
1063 300 1248 378 fignari
1276 323 1335 355 ex
1362 309 1473 357 auri
1492 303 1639 362 libris.

225 403 355 458 Hoc
389 406 494 474 est,
536 407 775 460 denarios
804 427 904 463 XL.
953 411 1097 463 Nam
1133 415 1185 462 δε
1212 410 1449 462 denarios
1489 431 1550 464 ex
1571 431 1697 465 auro
1735 416 1866 486 dici,

143 478 295 530 initio
325 480 473 553 hujus
516 485 919 534 concertationis
961 486 1271 537 monuimus,
1323 488 1441 553 Post
1466 484 1566 539 haec
1589 506 1761 541 autem
1791 495 1866 544 in-

144 566 437 627 terpretor,
465 557 708 610 confesto
738 556 880 609 bello
914 558 1111 620 Punico
1139 557 1370 610 secundo
1389 604 1403 624 ,
1431 576 1593 632 atque
1630 567 1763 616 adeo
1783 611 1797 632 ,
1832 567 1868 622 si

145 628 319 700 placet
347 633 440 698 ita,
467 640 516 686 ἐς
544 633 726 685 tertio:
761 629 876 705 post
903 630 1156 681 redditam
1182 633 1503 705 Reipublicae
1537 654 1717 708 pacem
1742 683 1754 704 ,
1775 642 1864 693 de-

143 707 276 757 vich
305 706 639 779 Carthagine.
668 709 728 758 ln
764 708 937 779 Regio
967 704 1175 773 codice,
1200 711 1251 758 ὃς
1272 707 1435 760 altero
1462 710 1698 762 Marcelli
1732 718 1864 768 Cer-

146 780 283 846 vini,
314 783 546 852 itemque
570 782 786 832 Pintiani
819 824 832 847 ,
865 781 938 832 uti
964 779 1246 847 edidimus,
1274 782 1493 835 totidem
1525 787 1757 858 apicibus
1791 788 1861 842 le,

140 854 310 925 gitur,
335 859 452 925 Post
471 855 571 906 haec
594 856 783 924 placuit
812 875 865 910 x.
899 873 937 909 x
957 875 1005 909 L.
1025 854 1228 928 fignari.
1259 861 1316 910 In
1349 862 1533 911 ceteris
1569 879 1701 931 quos
1732 864 1860 915 vidi-

139 944 280 995 mus,
307 935 360 982 &
390 933 439 980 in
467 932 735 983 Vaticanis
768 929 921 983 codd.
956 950 1085 1002 1952.
1123 953 1249 1003 1953·
1280 937 1332 985 δε
1360 952 1502 1005 1954.
1539 953 1762 1005 quorum
1792 939 1861 991 ad

134 1018 229 1052 nos
259 1004 565 1078 apographa
603 1002 747 1057 miffa
783 1004 937 1070 sunt,
972 1004 1083 1056 haec
1113 1020 1314 1058 tantum
1347 1033 1357 1060 ε
1393 1011 1509 1077 Post
1545 1007 1861 1078 lyaecplacuiae

136 1095 175 1130 x
192 1097 238 1132 L.
256 1078 447 1153 fignrzri
469 1123 483 1145 ,
514 1096 702 1154 nempe
728 1095 928 1131 aureos,
997 1078 1101 1132 Sed
1130 1085 1316 1133 terruit
1341 1082 1601 1151 librarios,
1626 1086 1859 1159 aliosque

132 1152 404 1224 imperitos
429 1158 632 1227 gemina
657 1155 824 1207 littera
852 1172 946 1206 xx.
972 1153 1182 1227 praefixa
1207 1156 1326 1209 huic
1354 1179 1403 1215 L·
1437 1160 1709 1231 ignarique
1741 1180 1855 1215 eam

135 1241 253 1295 quae
288 1230 458 1300 priore
487 1229 607 1287 loco
632 1230 736 1295 est,
768 1227 869 1281 esse
905 1229 1099 1280 denarii
1124 1246 1306 1283 notam
1328 1277 1343 1300 ,
1378 1252 1493 1304 quae
1522 1234 1768 1287 sexcentis
1803 1241 1855 1289 in

132 1296 306 1351 Plinio
341 1301 470 1354 locis
500 1307 756 1371 occurrit,
786 1321 897 1356 eam
932 1306 1136 1376 penitus
1154 1310 1422 1362 extrivere.
1451 1310 1518 1362 Et
1535 1308 1706 1362 abesse
1728 1328 1856 1363 vero

132 1388 191 1427 ea
218 1374 320 1427 fine
345 1376 447 1429 ulla
467 1377 736 1432 sententiae
764 1376 882 1430 labe
903 1379 1089 1451 potest.
1125 1382 1526 1450 Bouterovaeus‚
1560 1381 1693 1435 libro
1723 1385 1852 1438 Gal-

130 1445 234 1499 lico
257 1450 323 1504 de
348 1454 582 1505 Monetis
602 1457 759 1508 Rom.
782 1471 898 1526 pag.
918 1474 992 1525 95.
1021 1454 1323 1526 appendisse
1341 1455 1388 1508 se
1407 1460 1484 1509 a'it
1507 1475 1689 1509 aureos
1703 1478 1853 1511 num-

128 1539 244 1574 mos
264 1540 365 1583 tres
385 1571 398 1593 ,
421 1530 640 1598 primum
667 1530 842 1598 quarti
864 1526 1073 1581 Caesaris
1094 1527 1434 1597 Consulatus,
1461 1531 1680 1593 alterum
1700 1538 1852 1607 quin-

128 1597 196 1662 ti,
231 1603 439 1653 tertium
475 1601 627 1672 Syllae
655 1605 945 1656 Dictatoris
973 1627 984 1654 ε
1017 1621 1247 1673 quorum
1281 1605 1597 1678 quadrageni
1637 1612 1747 1660 auri
1789 1608 1854 1660 li„

129 1667 274 1723 bran]
305 1677 524 1726 omnino
551 1691 837 1747 aequarent.
868 1676 1125 1748 Agnoscit
1160 1677 1446 1750 legitimam
1475 1680 1610 1733 lianc
1637 1679 1851 1754 scriptu-

126 1762 265 1815 ram,
297 1769 334 1804 x
354 1750 632 1825 L.fignari‚
666 1755 718 1803 &
747 1752 933 1803 Petrus
965 1749 1264 1807 Gaffendus
1294 1798 1308 1820 ‚
1338 1768 1468 1808 tom.
1507 1775 1614 1810 111.
1653 1755 1848 1810 Philos.

126 1820 276 1894 Epic.
296 1826 482 1894 Itaque
504 1824 751 1878 Snellium
783 1824 911 1876 nihil
940 1843 1119 1877 moror
1137 1871 1150 1892 ,
1174 1828 1543 1900 Agricolamve
1559 1876 1573 1898 ,
1593 1833 1680 1902 qui
1702 1851 1843 1894 XLir,

125 1908 190 1946 ex
216 1898 513 1970 conjectura
528 1897 843 1951 rescribunt:
872 1915 968 1950 nec
997 1901 1248 1958 Budaeum
1269 1944 1283 1967 ,
1313 1905 1402 1974 qui
1423 1924 1472 1965 L.
1493 1921 1590 1962 nec
1616 1905 1847 1978 Scalige.

127 1985 242 2023 rum
263 2016 277 2039 ,
305 1977 397 2046 qui
421 1994 524 2029 XL.
553 1981 712 2032 minus
742 1972 914 2046 lepide
935 1972 1053 2025 sane
1084 1976 1509 2031 comminiscitur.
1547 1979 1650 2032 Sed
1679 1979 1850 2043 &risu

126 2043 340 2119 dignum
361 2092 375 2115 ,
409 2050 621 2122 quodin
644 2045 950 2122 quibusdam
978 2049 1084 2102 MS
1104 2052 1151 2103 S.
1185 2055 1239 2103 δε
1261 2052 1314 2102 in
1342 2053 1585 2104 omnibus
1612 2053 1679 2105 ad
1704 2053 1847 2115 hunc

128 2120 264 2175 diem
298 2124 451 2176 editis
476 2123 616 2176 libris
638 2126 860 2197 legitur,
889 2144 991 2180 XL.
1024 2124 1219 2188 millia,
1249 2131 1445 2179 &mox
1475 2146 1556 2183 XL
1576 2148 1629 2183 V.
1669 2147 1733 2191 M,
1763 2129 1848 2192 vel

126 2217 167 2253 x
183 2218 213 2257 L
231 2218 281 2252 v.
303 2200 478 2257 midja.
509 2202 567 2256 In
592 2199 870 2252 vetuffimis
893 2198 1084 2252 scilicet
1107 2199 1257 2255 Plinii
1270 2201 1646 2274 exemplaribus
1663 2205 1716 2265 id
1734 2206 1845 2255 ani-

124 2272 448 2327 madversum
475 2292 502 2331 a
535 2273 686 2327 nobis
722 2273 1075 2347 saepenumero
1107 2275 1210 2343 est,
1242 2291 1302 2328 ut
1325 2295 1443 2328 cum
1469 2274 1662 2329 librarii
1685 2278 1844 2338 millia

123 2344 356 2420 paffuum
389 2349 681 2423 signarent,
701 2348 754 2400 in
777 2347 1060 2401 intervallis
1085 2349 1323 2403 locorum
1348 2350 1659 2420 indicandis,
1684 2352 1842 2407 solam

122 2426 325 2476 numeri
358 2442 540 2477 notam
576 2438 938 2498 apponerent:
973 2423 1198 2497 exempli
1228 2430 1394 2499 gratia
1417 2471 1431 2494 ,
1459 2445 1559 2481 XL.
1597 2427 1844 2502 neglecstis

123 2496 344 2552 vocibus
364 2501 452 2567 iis,
482 2518 597 2572 quae
614 2516 726 2551 non
753 2498 855 2551 fine
876 2497 1084 2551 fastidio
1100 2505 1269 2572 repeti
1298 2504 1452 2553 toties
1476 2499 1844 2574 poffent,mz'l.‚

123 2569 197 2621 lia
220 2570 467 2641 pafficum:
495 2591 655 2646 atque
684 2573 790 2625 hoc
815 2576 885 2624 eis
909 2574 1105 2646 ubique
1132 2573 1346 2628 solenne
1373 2577 1463 2633 est.
1495 2580 1842 2639 Recentiores

121 2663 246 2698 vero
275 2648 604 2706 amanuenses
623 2691 637 2712 ,
675 2649 765 2717 qui
795 2646 1098 2710 substituere
1119 2667 1275 2707 voces
1301 2668 1384 2701 eas
1411 2668 1584 2724 operae
1614 2655 1839 2724 pretium

120 2734 439 2793 putaverunt
469 2765 484 2788 ‚
519 2725 673 2782 etiam
706 2736 789 2775 eas
810 2719 1161 2794 saepenumero
1193 2723 1484 2790 obmisere,
1514 2724 1603 2777 ubi
1628 2729 1839 2781 minime

123 2798 354 2847 omnium
385 2800 636 2870 oportuit.
678 2796 760 2849 Sic
790 2792 879 2849 lib.
920 2814 969 2848 v.
1004 2794 1118 2851 sea.
1153 2818 1191 2852 1.
1223 2816 1341 2850 cum
1371 2800 1653 2852 vetustiore
1682 2819 1837 2867 manu

117 2868 364 2942 scriptum
393 2871 659 2938 viderent,
691 2887 725 2920 a
749 2876 859 2923 CL.
895 2869 1090 2944 Caesare
1109 2913 1124 2944 2
1149 2875 1404 2925 neoterici
1427 2876 1836 2949 transcriptoreS,

119 2943 211 2995 has
240 2943 432 2998 litteras
458 2967 550 3009 CL.
571 2962 903 2999 numerorum
929 2955 1078 3007 notas
1100 2946 1198 2999 esse
1220 2947 1481 3015 arbitrati,
1512 2950 1672 3000 millia
1697 2951 1835 3009 addi,-

121 3016 339 3089 derunt,
374 3007 502 3075 teste
530 3020 706 3080 Voffio
744 3022 796 3072 in
834 3020 1066 3092 Melam,
1096 3039 1217 3097 pag.
1256 3030 1372 3094 198.
1401 3042 1436 3074 a
1465 3039 1648 3076 centum
1688 3031 1834 3097 quin-
