2228 3428
440 277 506 328 ad
542 271 836 328 Herculem
881 271 1103 325 referret
1135 317 1150 340 ‚
1183 273 1324 344 cujus
1358 273 1645 347 peculiares
1682 274 1800 331 fiant
1837 281 2032 335 exuvie

440 351 673 400 leoninae.

363 438 413 483 H
436 433 882 482 POYCIEQN.
920 436 1083 483 ΤΩΝ.
1116 434 1279 482 ΠΡΟ
1301 436 1356 481 C.
1392 434 2022 487 &AAACCAlsLPrm'

424 500 645 576 siensium
675 499 749 551 ad
777 519 928 555 mare.
967 499 1186 554 Ibidem.
1224 502 1505 554 Nonnium
1535 500 1662 552 nihil
1692 520 1897 571 moror,
1924 509 2014 578 qui

435 577 501 628 ad
528 574 732 629 Prulam
757 576 968 628 alteram
996 577 1253 649 pertinere
1279 575 1560 629 existimatz
1589 577 1732 647 cujus
1752 580 1889 630 cives
1908 599 2014 633 non

438 664 485 709 Π
510 663 942 718 ΡΟΥΕΙΕΙΕ,
972 652 1057 703 sed
1092 663 1584 709 HPOTCAEIC
1607 652 2015 725 appell.iti.Nec

438 733 604 780 virum
633 728 920 792 eruditum,
949 728 1037 798 qui
1061 727 1148 781 lib.
1165 727 1230 778 de
1251 726 1341 779 usu
1360 727 1597 780 numism.
1619 745 1736 800 pag,
1769 750 1854 797 77,
1878 729 2016 780 lianc

435 822 551 876 quae
582 806 647 856 ad
671 819 810 854 mare
837 802 927 853 lita
950 802 1167 871 dicitur,
1193 801 1259 853 ab
1283 803 1444 854 altera
1475 805 1738 854 immerito
1767 791 2011 870 secernit,

437 897 551 950 quae
573 877 674 930 fuit
700 874 788 928 sub
824 877 1013 949 Hypio
1044 893 1244 930 monte.
1278 880 1336 930 In
1374 896 1439 930 eo
1462 896 1711 944 nunimO,
1738 893 1795 929 ut
1826 876 1936 931 fere
1959 880 2014 932 in
2088 877 2090 879 ’

434 955 606 1024 priore
627 997 639 1019 ‚
676 951 928 1005 Herculis
954 950 1101 1002 clava
1129 951 1383 1026 insculpta
1413 971 1531 1005 cum
1556 954 1812 1026 pharetra.

358 1037 860 1088 I'IPOTCIEQN.
906 1037 1141 1086 HPOC.
1185 1038 1310 1085 ΥΠ.
1355 1040 1444 1086 ΔΙ
1466 1039 2011 1087 ΛΔΟΥΜΕΝΙΛὲ

434 1119 539 1164 ΝΟ
555 1118 611 1163 C.
645 1106 862 1172 Crater,
888 1121 1045 1177 quem
1074 1102 1282 1178 serpens
1316 1103 1693 1176 circumplicat.
1724 1104 2015 1158 Diadume-

433 1184 573 1233 niani
603 1198 843 1234 nummus
876 1197 904 1232 e
939 1179 1168 1233 Cimelio
1198 1180 1394 1231 nostro,
1440 1181 1502 1231 In
1532 1178 1762 1232 Gallieni
1792 1196 2012 1230 nummo

431 1255 559 1328 legit
575 1256 847 1310 Tristanus
866 1300 880 1322 ‚
906 1269 1036 1308 tom.
1076 1275 1136 1307 11
1164 1274 1180 1307 1
1199 1296 1209 1307 .
1232 1271 1352 1327 pag.
1379 1275 1465 1325 90.
1496 1263 1544 1310 n
1563 1265 1768 1313 POTC
1789 1266 1809 1309 Ι
1828 1266 1862 1310 Ε
1881 1265 2009 1312 ΩΝ.

431 1344 480 1391 Π
500 1348 534 1391 Ρ
552 1345 645 1391 ΟΒ
665 1344 700 1389 E
721 1344 743 1388 Ι
762 1345 808 1389 Ν
828 1343 895 1389 Ω.
933 1331 1035 1383 Sed
1063 1347 1128 1382 eo
1155 1331 1371 1380 nomine
1395 1348 1421 1381 a
1455 1331 1647 1383 Patino
1671 1374 1685 1396 ,
1734 1347 1850 1403 pag,
1882 1351 2012 1400 413,

427 1414 566 1463 reete
593 1410 894 1480 coarguitur
919 1431 929 1459 ε
960 1403 1064 1477 legi
1097 1406 1232 1456 enim
1270 1415 1320 1461 Π
1341 1420 1375 1462 Ρ
1392 1419 1439 1463 O
1458 1417 1514 1462 C.
1554 1417 1598 1462 Υ
1617 1416 1666 1462 Π
1686 1417 1707 1461 Ι
1731 1417 1800 1462 Ω.
1847 1423 2009 1477 opor-

430 1488 548 1538 tuit.
573 1488 703 1538 Sunt
722 1488 774 1535 &
805 1480 983 1533 fimilia
999 1482 1080 1534 M.
1102 1478 1331 1547 Aurelii,
1364 1480 1616 1535 Faustinae
1633 1482 1853 1553 junioris
1870 1524 1883 1546 ,
1902 1482 2010 1534 Ca,

428 1559 629 1612 racallae
646 1603 659 1626 ‚
688 1558 872 1609 Anniae
897 1556 1145 1610 Faustinae
1165 1555 1432 1627 Elagabali
1449 1601 1461 1624 ,
1483 1557 1791 1622 Maximini,
1815 1554 2012 1608 Gallie-

430 1638 590 1707 nique
612 1630 939 1687 numismata.
979 1634 1128 1684 Idem
1153 1630 1427 1681 Tristanus
1460 1633 1511 1682 in
1546 1632 1822 1685 Hadriano
1851 1674 1863 1696 ,
1894 1647 2012 1703 pag.

430 1717 550 1782 506.
587 1725 857 1761 nummum
887 1702 1043 1758 affert
1073 1749 1087 1774 ,
1118 1718 1160 1762 K
1179 1719 1224 1762 O
1242 1716 1464 1763 TCIEI
1481 1720 1524 1762 A
1544 1751 1557 1772 ‚
1587 1722 1743 1775 quem
1774 1722 1897 1754 nUm
1926 1721 2008 1755 re-

426 1783 550 1836 ferri
573 1785 638 1836 ad
668 1782 954 1837 Prufienses
983 1795 1259 1855 oporteat,
1303 1781 1527 1834 viderint
1557 1783 1586 1832 ii
1619 1782 1710 1853 qui
1734 1797 2008 1832 nummum

427 1862 713 1912 trastarint.

351 1942 402 1990 Π
424 1945 856 1992 ΡΟΥΕΙΕΩΝ
893 1942 1112 1989 HPOC
1147 1941 1385 1990 ΥΠΙΩ.
1418 1933 1478 1985 L.
1509 1933 1637 1986 Veri
1666 1947 1901 1982 nummus
1923 1974 1937 1997 ‚
1978 1946 2006 1982 e

431 2011 581 2062 Gaza
615 2012 783 2083 Regia
806 2053 820 2077 ,
847 2014 899 2062 δε
928 2004 1067 2080 apud
1096 2009 1342 2060 Patinum
1362 2052 1377 2076 ,
1405 2025 1521 2081 pag.
1568 2028 1670 2078 257.
1706 2024 1823 2057 cum
1857 2001 2010 2057 bovis

424 2084 627 2159 effigie,
656 2103 761 2156 qua
789 2083 955 2136 hostia
981 2080 1186 2133 litatum
1228 2086 1376 2137 Vero
1399 2127 1413 2150 ,
1451 2100 1546 2135 ceu
1589 2085 1716 2136 Deo
1737 2125 1750 2149 ‚
1782 2079 1864 2133 vel
1892 2080 2008 2158 Jovi

425 2175 569 2212 certe
600 2179 696 2234 pro
720 2154 879 2211 salute
894 2159 1180 2232 Principi8‚
1207 2155 1495 2212 Prufienses
1531 2157 1816 2210 declarant.
1841 2158 2010 2210 Nunc

308 2266 317 2275 ·
424 2233 498 2286 est
532 2236 741 2289 Cimelii
776 2236 949 2308 Regii.

348 2321 857 2368 I'IPOTCIEQN
903 2320 1129 2368 HPOC
1161 2318 1400 2366 ΥΠΙΩ.
1439 2310 1500 2363 L.
1533 2310 1658 2363 Veri
1685 2325 1953 2373 nummUS,
1976 2325 2005 2362 e

427 2384 658 2438 Cimelio
690 2389 863 2456 Regio
901 2429 916 2452 ,
954 2391 1008 2438 ὅ(
1035 2385 1172 2456 apud
1198 2384 1495 2437 Tristanum
1530 2426 1543 2449 ‚
1585 2399 1713 2434 tom.
1761 2404 1777 2435 1
1807 2404 1849 2435 1.
1886 2399 2004 2455 pag.

422 2481 527 2531 301.
563 2463 612 2511 in
638 2478 743 2532 quo
765 2459 1012 2512 Herculis
1032 2476 1150 2510 curn
1176 2457 1343 2529 hydra
1372 2472 1638 2508 certamen
1668 2455 2000 2530 insculptum:

424 2535 571 2607 quod
600 2533 857 2586 versiculo
892 2551 956 2584 eo
984 2533 1227 2605 expressit
1253 2530 1542 2584 Ausonius:

528 2616 774 2663 Proxima
806 2617 1069 2661 Lernaeam
1089 2606 1225 2670 ferro
1263 2604 1322 2667 (ᾗ-
1341 2607 1462 2671 face
1491 2605 1713 2658 contudit
1734 2612 1812 2659 H
1796 2606 2000 2681 ydram.

347 2695 856 2744 ΠΡΟΥΕΙΕΩΝ
894 2694 943 2742 Π
968 2697 1124 2742 POC
1162 2692 1402 2739 ΥΠΙΩ.
1433 2683 1492 2735 L.
1522 2684 1649 2736 Veri
1676 2699 1998 2747 nummus,e

420 2762 609 2815 Museo
639 2761 848 2826 nostro,
875 2762 925 2809 in
956 2778 1064 2831 quo
1101 2760 1293 2812 Oriens
1326 2759 1525 2810 radiato
1565 2758 1766 2830 capite,
1795 2756 2002 2828 singulis

419 2834 661 2888 manibus
692 2834 907 2908 singulas
936 2833 1101 2907 gestat
1120 2832 1340 2904 Aquilas
1369 2849 1486 2883 cum
1516 2831 1644 2884 lauri
1668 2834 1837 2886 ramis,
1866 2828 1999 2888 Sub-

419 2913 589 2964 astum
616 2912 894 2964 Orientem
924 2906 1192 2980 utriusque
1216 2907 1435 2979 Augusti
1462 2907 1723 2980 auspicii5‚
1750 2907 1998 2958 Marci&

419 2988 577 3054 Veri,
602 2985 857 3036 declarat:
897 2985 951 3035 id
991 2984 1140 3055 quod
1172 2981 1470 3034 Tristanum
1499 2981 1638 3054 fugit
1667 3025 1680 3048 ,
1722 2980 1998 3051 explanare

417 3059 569 3112 aliter
602 3074 886 3112 conantem
910 3101 925 3127 ,
957 3073 1088 3112 tom.
1137 3079 1152 3112 1
1180 3078 1223 3110 1.
1253 3073 1372 3131 pag.
1411 3077 1548 3130 305.
1589 3054 1919 3130 Capitolinus
1944 3055 1998 3105 in
