2228 3428
774 186 990 244 NUM
1020 185 1132 239 ΜῙ
1192 183 1637 259 ANTIQUI

473 270 543 325 Et
564 263 706 340 apud
730 262 1075 317 Ptolemaeum
1095 304 1109 326 .,
1143 260 1233 314 lib.
1267 278 1316 312 v.
1343 276 1454 331 cap.
1487 279 1546 314 11.
1576 265 1625 312 in
1652 263 1858 332 majoris
1880 263 2053 339 ΡΙΉΎ..ἱ

473 347 569 417 giae
597 340 837 411 oupidiS,
870 336 961 390 ubi
983 335 1164 401 Ἱςέωον
1197 336 1283 389 vel
1312 335 1516 398 ‘cho‘fflov
1557 353 1832 411 perperam
1868 340 2050 393 scribi0

472 433 586 482 tur,
613 414 896 478 Σηκητίωογ
929 428 986 465 tu
1018 429 1232 489 repone.
1360 434 1364 438 ·

322 499 353 552 S
371 495 421 548 T
439 494 491 546 O
511 495 549 545 B
571 495 609 545 E
628 495 678 546 N
705 495 733 545 S
756 494 778 544 1
800 492 846 543 V
865 491 943 544 M.

393 569 641 624 MVNI
664 568 807 620 CIP
831 568 869 618 1.
913 564 1080 618 STO
1104 567 1141 617 B
1166 564 1535 618 ENSIVM.
1591 564 1766 616 Severi
1807 580 2049 619 nummus

469 643 611 718 apud
637 644 880 696 Patiuum
909 642 962 691 in
987 640 1168 692 Indice
1198 683 1212 706 ,
1250 657 1371 713 pag.
1404 645 1483 692 18.
1516 642 1567 690 δέ
1591 637 1721 689 alter
1745 639 2046 710 Caracallae‚

469 720 611 793 apud
651 717 954 770 Tristanum
972 758 984 781 ,
1011 729 1142 768 tom.
1184 736 1200 768 1
1227 736 1244 767 1
1263 759 1273 771 .
1313 732 1431 786 pag.
1465 734 1582 785 175„
1614 717 1851 785 itemque
1875 715 2049 787 Getae,

469 794 612 868 apud
635 789 1049 847 Mediobarbum
1077 833 1091 856 ,
1120 807 1239 863 pag.
1273 810 1381 862 305.
1424 793 1477 842 &
1513 787 1781 860 Elagabali
1817 787 2048 859 ibidem,

468 886 589 943 pag,
633 888 740 937 314.
783 868 1053 920 vietoriam
1097 882 1215 916 cum
1262 864 1436 938 palma
1487 869 1539 917 ὃς
1581 881 1776 916 corona
1816 865 2048 922 exhibet.

468 943 769 1016 Vespafiani
789 986 802 1009 ,
835 948 888 996 &
915 942 1030 994 Titi
1057 982 1071 1006 ‚
1110 941 1364 1014 templum
1395 954 1622 1010 quatuor
1653 938 2048 1012 columnarum,

466 1020 607 1093 apud
636 1015 1080 1080 Mediobarbum,
1110 1033 1224 1089 pag.
1269 1021 1363 1070 118.
1395 1021 1446 1067 ὃ(
1484 1035 1585 1082 127,
1606 1014 1755 1088 Juliae
1783 1018 2047 1085 Domuae,

462 1095 608 1168 apud
642 1095 883 1149 Patinum
917 1094 970 1142 in
1005 1088 1214 1156 Indice,
1244 1109 1362 1164 pag.
1412 1112 1481 1161 ¹9·
1522 1095 1575 1141 ἓξ
1612 1089 2047 1158 Mediobarbum,

469 1185 589 1241 pag.
637 1175 738 1240 283.
784 1169 1056 1220 vinitoriam
1085 1209 1100 1232 ‚
1153 1164 1360 1217 aliudve
1390 1169 1607 1220 Numen
1637 1207 1652 1230 „
1687 1165 1832 1237 quod
1862 1165 2049 1218 dextra

466 1243 666 1297 hastam
701 1287 715 1310 ,
745 1243 870 1297 laeva
912 1243 1096 1314 Copiae
1126 1258 1290 1292 cornu
1329 1244 1463 1313 gerit
1497 1285 1510 1309 ,
1557 1237 1775 1313 pedibus
1814 1241 2047 1294 dracone

464 1320 746 1393 implicitis,
798 1318 1004 1386 Plinio,
1031 1316 1119 1368 lib.
1151 1336 1167 1368 1
1191 1335 1238 1369 v,
1264 1316 1378 1370 sect.
1416 1335 1528 1369 xvi
1553 1338 1588 1369 1.
1618 1317 1671 1366 in
1699 1315 2043 1383 Macedonia,

464 1396 716 1464 Oppidum
739 1392 880 1451 Stobi
909 1399 1092 1445 civium
1118 1397 1469 1447 Romanorum.
1506 1391 1791 1464 Ulpianus,
1819 1388 1957 1441 libro
1987 1412 2041 1447 1..

462 1473 594 1544 Dig.
628 1474 709 1524 tit.
743 1487 836 1523 xv,
875 1469 940 1521 de
972 1466 1257 1521 Cenfibus:
1292 1467 1538 1543 Stobenses
1561 1471 1687 1535 juris
1715 1464 1899 1520 Italici
1910 1466 2043 1537 fient.

464 1547 627 1619 Apud
661 1548 940 1600 Oeconem
958 1587 973 1610 ,
997 1560 1114 1616 pag.
1148 1564 1266 1613 194·
1294 1544 1506 1616 Trajani
1528 1559 1768 1594 nummus
1787 1585 1801 1609 ,
1829 1543 2044 1596 SIDO-

467 1618 1885 1688 BENSIVM,autSIOBENSIVM,inquit:
1922 1634 2042 1671 cum

464 1699 666 1747 utrovis
712 1695 876 1746 modo
906 1695 1043 1764 legas
1076 1735 1087 1757 ,
1119 1711 1264 1744 error
1303 1693 1361 1745 sit
1397 1694 1612 1744 minime
1636 1689 1916 1759 obscurus,
1941 1710 2041 1766 pro

465 1772 497 1824 S
520 1773 570 1824 T
590 1773 642 1825 O
660 1773 698 1824 B
721 1771 757 1823 E
775 1773 833 1825 N
853 1771 882 1823 S
905 1772 986 1823 IV
1007 1768 1085 1822 M.
1118 1770 1178 1822 In
1208 1784 1272 1819 eo
1290 1785 1507 1821 nummo
1537 1766 1789 1843 templum
1811 1810 1824 1834 ,
1854 1768 1905 1818 in
1929 1786 2040 1840 quo

461 1844 660 1898 hastata
680 1845 863 1899 Pallas.

305 1926 351 1977 sc
369 1927 411 1972 Τ
426 1933 461 1976 Ρ
483 1934 521 1976 Α
541 1933 642 1980 ΤΟ
659 1936 705 1979 Ν
723 1933 746 1977 1
765 1932 805 1977 K
821 1933 858 1978 Ε
879 1931 929 1979 Ω
950 1931 1011 1976 Ν.
1046 1919 1204 1972 Getae
1227 1936 1469 1970 nummus
1495 1919 1548 1968 in
1578 1915 1809 1970 Cimelio
1839 1918 2038 1990 Regio,

459 2003 512 2050 &
542 1999 682 2071 apud
709 1999 951 2053 Patinum
974 2039 986 2061 ,
1016 2011 1135 2068 pag.
1172 2015 1194 2063 3
1221 2016 1309 2067 19.
1383 1995 1546 2048 Ceres
1572 1993 1645 2044 ibi
1677 2011 1795 2045 cum
1828 1994 2038 2065 gemina

455 2074 604 2140 face,
647 2074 765 2144 biga
791 2071 1080 2123 draconum
1113 2070 1333 2123 vehitur.
1396 2069 1549 2124 Alter
1585 2086 1741 2141 quem
1783 2069 2038 2137 vidimus,

457 2149 646 2200 alatam
672 2149 959 2203 Violoriam
996 2143 1245 2199 exhibet:
1275 2162 1337 2198 ex
1365 2148 1538 2197 antica
1573 2159 1750 2217 parte,
1787 2145 2038 2198 Numinis

458 2225 655 2297 ignoti,
687 2225 795 2279 Dei
835 2222 973 2274 forte
1008 2222 1140 2273 Luni
1167 2220 1408 2295 effigiem.
1471 2221 1644 2274 Plinio
1668 2263 1682 2287 ,
1709 2216 1798 2274 lib.
1835 2238 1884 2271 v.
1915 2216 2034 2273 sest.

456 2315 567 2352 xxx
586 2319 633 2353 x.
660 2302 711 2350 in
738 2299 892 2352 Caria
912 2340 927 2362 ,
955 2302 1260 2351 Stratonicea
1298 2293 1474 2350 libera.
1516 2299 1753 2352 Decreto
1773 2337 1787 2360 ,
1819 2308 1879 2344 ut
1917 2295 2035 2364 qui-

456 2373 576 2425 dem
610 2375 819 2426 videtur
841 2414 855 2438 ,
893 2374 1102 2425 Caesaris
1127 2374 1416 2426 Dietatoris
1433 2417 1447 2440 ,
1468 2372 1612 2441 cujus
1648 2372 1866 2422 Tacitus
1892 2366 2032 2420 libro

467 2468 485 2501 1
514 2470 529 2502 1
559 2471 602 2502 1.
626 2447 816 2501 Annal.
840 2449 1096 2499 meminit.
1139 2450 1326 2500 Strabo
1344 2491 1357 2512 ‚
1384 2447 1473 2501 lib.
1497 2465 1562 2498 xi
1584 2465 1632 2498 v.
1669 2459 1786 2517 pag.
1822 2448 1950 2498 660.
1979 2446 2034 2496 in

454 2540 582 2594 agro
611 2522 981 2576 Stratoniceno
1006 2519 1128 2572 fana
1155 2519 1303 2573 fuisse
1330 2521 1435 2573 duo
1469 2522 1723 2572 admonet
1744 2561 1758 2583 ‚
1776 2518 1921 2590 Jovis
1941 2562 1952 2581 ,
1976 2524 2033 2572 δε

453 2600 710 2652 Hecatae:
741 2596 806 2649 de
835 2596 1027 2648 Cerere
1060 2594 1186 2648 filet.
1216 2598 1486 2669 Stephano
1515 2621 1524 2648 :
1560 2601 1882 2662 Σαξατονίκεια
1923 2604 2030 2651 Ka-

451 2675 554 2738 ιιάς
661 2676 684 2728 o‘
709 2678 936 2737 πολίτης,
967 2671 1301 2738 Στςαπνιτοεῦς.
1328 2674 1448 2726 Hos
1479 2688 1720 2721 nummos
1742 2668 2032 2737 TristanuS,

451 2765 583 2805 tom.
620 2772 635 2802 1
665 2771 707 2803 1.
736 2767 849 2821 pag.
881 2768 981 2815 272.
1008 2753 1060 2799 &
1081 2748 1198 2816 alii,
1227 2747 1329 2798 alio
1350 2745 1531 2800 frustra
1556 2743 1823 2817 ablegant.

299 2832 521 2887 ,ΣΤΥΜ
539 2843 575 2889 ᾧ
595 2836 732 2882 ΑΑΙ
757 2838 885 2887 ΩΝ.
930 2823 1147 2876 (ὶῑῑεεὶεε
1195 2825 1384 2874 veteris
1421 2824 1618 2874 nummi
1641 2864 1656 2886 ,
1693 2817 1832 2892 apud
1859 2818 2028 2871 Golt,

447 2905 619 2969 zium,
659 2902 794 2955 Tab.
829 2919 916 2953 x1.
970 2900 1030 2952 In
1061 2898 1136 2950 his
1172 2898 1434 2952 Hercules
1462 2915 1579 2948 eum
1617 2895 1781 2946 leonis
1823 2895 2022 2947 exuviis

445 2975 646 3028 clavam
666 2975 892 3029 attollit:
911 2972 1093 3025 addita
1119 2973 1307 3026 vocula
1332 2983 1462 3034 ΣΩ.
1498 2989 1599 3044 qua
1629 2969 1800 3040 {cm-23,-
1832 2977 2020 3023 Serva-

442 3066 522 3106 tor
548 3052 813 3119 Hercules
844 3046 1153 3125 appellatur.
1188 3051 1394 3102 Tamen
1419 3047 1507 3100 ille
1534 3045 1768 3101 volucres
1789 3086 1804 3111 ‚
1832 3038 2022 3113 quibus

317 204 450 275 47ss
