2228 3428
279 204 385 270 286
755 193 1092 248 NUMMI
1153 194 1585 261 ANTIQUI

423 273 644 323 alterum
671 267 803 318 istud
828 265 978 323 fuiffe
1001 266 1276 323 Laodiceae
1298 285 1508 321 nomen.
1543 272 1690 323 Nam
1722 272 1867 342 quod
1900 271 1999 324 fin-

423 360 545 398 xere
575 344 788 413 quidam
806 386 820 409 ,
856 342 962 418 legi
985 359 1235 418 oportere
1253 389 1266 410 ,
1294 356 1316 400 Ι
1335 357 1382 401 O
1400 354 1443 399 Υ
1460 352 1505 398 Λ
1520 356 1541 399 I
1557 357 1594 401 Ε
1612 356 1662 401 Ω
1682 359 1727 403 Ν
1774 358 1874 404 ΚΟ
1893 359 1913 403 Ι
1930 361 1993 406 Ν.

425 420 530 472 ssve
560 415 710 474 Κοινδν
728 460 742 483 ,
765 418 1144 492 acJulienfium
1162 464 1176 487 ,
1207 419 1272 471 de
1301 417 1488 490 quibus
1517 421 1714 491 egimus
1743 420 1831 471 suo
1855 422 1997 486 loco,

426 494 610 567 fignari
641 493 980 547 concordiam
1029 513 1146 547 curn
1194 494 1502 549 Laodicenis
1529 537 1542 559 ,
1588 490 1920 545 adversantur
1952 499 1999 548 ei

427 567 742 638 conjecturae
764 609 779 633 ,
811 585 920 621 non
949 569 1112 622 nostri
1142 569 1307 621 modo
1335 613 1351 635 ,
1391 565 1478 619 sed
1517 572 1570 620 ὃς
1605 569 1756 638 Regii
1793 568 2002 622 Cimelii

424 645 732 699 numismata
751 687 765 710 ‚
809 643 1041 718 Trajano
1064 646 1302 718 principe
1325 687 1339 708 ‚
1375 647 1428 695 &
1456 641 1729 694 Antonino
1761 642 1877 693 cusa
1898 687 1912 708 ‚
1947 651 2002 699 ὃς

427 738 545 792 quae
569 718 710 794 apud
739 720 1023 773 Occonem
1051 718 1227 770 multis
1263 719 1393 770 locis
1427 717 1631 768 exstant
1666 759 1680 781 ,
1719 717 1771 767 in
1807 716 1996 786 quibus

425 790 695 869 perspicue
722 794 942 866 legimus
957 839 971 862 ‚
1000 807 1022 850 1
1036 807 1083 852 Ο
1098 804 1140 851 Υ
1155 805 1200 852 Α
1220 805 1293 852 [Ε
1310 805 1360 851 Ω
1376 805 1423 852 Ν
1457 803 1499 847 T
1518 804 1570 850 Ω
1588 804 1636 849 Ν
1677 795 1777 844 &c.
1800 792 1880 844 Sic
1905 809 1995 865 ge-

425 872 627 921 minum
658 867 896 926 Helenes
917 868 1089 922 insulae
1115 886 1310 920 nomen
1342 867 1560 920 vidimus
1585 909 1599 931 ,
1631 862 1793 917 verbo
1822 879 1858 923 E
1878 877 1920 923 Α
1940 881 2002 926 E-

426 956 570 1004 NIT
590 956 723 1004 stN‘.
760 956 950 1003 ΤΩΝ.
984 955 1139 1002 KAI.
1169 956 1260 1002 KP
1282 956 1387 1002 AN
1410 956 1512 998 ΛΑ
1532 955 1572 997 Τ
1596 953 1726 999 ΩΝ.
1773 943 1997 995 Donata

425 1037 554 1073 vero
578 1020 837 1074 Laodicea
868 1018 1074 1075 videtur
1098 1018 1266 1074 altero
1300 1035 1366 1070 eo
1397 1020 1610 1069 nomine
1636 1013 1701 1068 ab
1720 1013 1859 1088 Julia
1886 1018 1997 1070 Au-

428 1094 561 1170 gusti
588 1095 816 1168 conjuge
830 1139 849 1160 ‚X
867 1097 943 1148 uti
966 1111 1030 1147 ex
1052 1090 1278 1166 ejusdem
1308 1093 1561 1166 Principis
1588 1108 1805 1141 num-mo
1834 1107 1996 1161 augu-

427 1188 600 1223 ramur
616 1214 631 1234 ,
648 1187 804 1242 quein
815 1169 1084 1226 Tristanus
1101 1164 1256 1222 affert
1274 1211 1289 1234 ‚
1307 1182 1436 1220 tom.
1461 1189 1497 1222 ι.
1521 1183 1632 1239 pag.
1654 1170 1757 1218 126.
1774 1153 1995 1224 ΘΕΙόΥ.

427 1256 472 1304 Κ
489 1258 531 1302 A
550 1259 570 1303 I
589 1254 635 1307 Σ
652 1259 690 1301 Α
708 1258 741 1300 Ρ
758 1258 803 1301 O
819 1254 864 1306 Σ
907 1254 953 1305 Σ
969 1257 1052 1301 ΕΒ
1073 1258 1113 1300 A
1134 1252 1370 1303 ΣΤΟΥ.
1413 1249 1637 1301 &EME-
1678 1250 1990 1301 ΙΟΥΛΙΑΣ.

427 1331 473 1382 Σ
490 1334 575 1379 ΕΒ
592 1336 631 1378 Α
650 1329 812 1381 ΣΤΗ
833 1329 891 1380 Σ.
926 1321 1002 1372 Ex
1029 1334 1176 1390 parte
1200 1319 1363 1370 altera
1379 1361 1392 1382 ,
1430 1320 1612 1369 turrita
1643 1314 1824 1366 mulier
1840 1361 1851 1382 ‚
1875 1335 1994 1369 cuni

425 1398 743 1470 epigraphe,
772 1404 1202 1454 ΙΟΥΛΙΕΩΝ
1241 1405 1282 1448 Τ
1311 1404 1432 1450 ΩΝ
1495 1402 1646 1449 ΚΑΙ
1689 1399 1997 1449 ΛΑΟΔῙ-

424 1483 674 1531 ΚΕΩΝ.
708 1473 880 1542 Hujus
915 1475 965 1521 in
996 1489 1105 1542 quo
1132 1468 1462 1541 explanando
1502 1466 1667 1518 sumus
1690 1509 1703 1531 ‚
1736 1471 1823 1538 qui
1861 1470 1996 1519 Tra-

418 1547 545 1620 jano
572 1549 812 1618 Principe
839 1541 983 1596 cusus
1012 1542 1084 1595 est
1109 1589 1121 1609 ,
1147 1541 1432 1616 epigraphe
1466 1542 1575 1593 haec
1611 1541 1684 1592 est
1714 1541 1765 1590 in
1803 1539 1991 1594 Museo

424 1621 635 1688 nostro,
665 1632 767 1677 AT.
801 1633 890 1678 ΤΡ
912 1630 1252 1677 AIANOC-
1292 1628 1426 1672 API
1448 1628 1559 1674 CT.
1596 1627 1697 1672 KA
1718 1625 1737 1669 Ι
1762 1627 1819 1672 C.
1855 1626 1989 1671 CER.

425 1706 581 1754 ΓΕΡ.
625 1708 802 1753 ΔΑΚ.
837 1694 1136 1766 Au’wxpasmp
1159 1692 1583 1766 Tepc‘a‘otod5'‘Ae,aeqos
1608 1694 1793 1761 Koffimf
1829 1691 1993 1750 Σεςκ-

428 1772 495 1835 τ-ῐδς
524 1773 793 1844 Γερμανικὸς
837 1770 1060 1829 Aoemm‘s.
1113 1778 1247 1837 Imp.
1285 1769 1537 1834 Trajanus
1570 1771 1793 1833 Optimus
1825 1765 1995 1837 Caestzr

429 1852 566 1920 Aug.
600 1854 940 1908 Germanicus,
973 1851 1203 1900 Dacicus,

352 1931 402 1979 ,Α
418 1936 461 1980 A
477 1936 525 1982 Ο
543 1934 591 1979 Δ
610 1936 631 1979 1
650 1934 744 1981 ΚΕ
766 1934 815 1979 Ω
830 1936 876 1980 Ν
909 1933 1002 1978 CT
1019 1936 1052 1977 p
1070 1933 1090 1976 Ι
1110 1934 1152 1977 Α
1171 1931 1210 1976 C
1232 1961 1248 1984 ,
1276 1917 1413 1990 apud
1441 1913 1812 1989 Spanhemium
1836 1961 1847 1980 ,
1878 1934 1996 1989 pag.

423 2005 546 2068 896.
588 2001 639 2048 in
669 2016 778 2069 quo
800 2015 1018 2049 nummo
1058 1996 1158 2069 legi
1188 1991 1326 2046 forte
1350 1990 1497 2066 poffit
1521 2034 1535 2057 ‚
1561 2001 1996 2050 ΛΑΟΔΙΚΕΩΝ.

427 2084 487 2130 K.
514 2084 706 2131 CTPI
728 2085 859 2139 AC,
899 2072 1001 2123 hoc
1033 2071 1137 2137 est,
1172 2067 1344 2127 Κοίλης
1377 2066 1565 2129 Συρίας.

352 2148 529 2203 COL.
573 2151 617 2203 L
634 2151 681 2202 A
703 2152 756 2204 O
776 2150 872 2202 DI
895 2148 942 2201 C
961 2148 998 2200 E
1021 2147 1068 2199 A
1086 2147 1150 2199 C.
1188 2145 1313 2198 ME.
1344 2141 1557 2196 Colonia»
1579 2146 1846 2206 Azosmz'ag
1872 2151 1994 2197 Me-

427 2224 669 2293 tropoleos.
726 2222 954 2296 Philippi
982 2223 1174 2287 Patris,
1202 2218 1342 2292 apud
1387 2218 1627 2272 Patinum
1648 2260 1664 2283 ‚
1699 2235 1814 2289 pag.
1857 2223 1927 2287 38
1947 2242 1998 2275 2.

428 2317 569 2351 nunc
611 2300 774 2352 Gazae
800 2301 997 2369 Regiae.
1024 2298 1171 2350 Huic
1207 2291 1387 2345 similes
1414 2309 1476 2343 ac
1499 2291 1650 2364 plane
1677 2294 1866 2363 gemini
1889 2293 1996 2342 duo

431 2371 713 2432 Caracallae
760 2374 957 2423 nummi
996 2368 1135 2443 apud
1165 2367 1463 2420 Tristanum
1489 2409 1502 2430 ‚
1541 2382 1658 2435 pag.
1696 2386 1802 2435 177.
1853 2367 1995 2437 apud

427 2465 618 2519 quem,
650 2452 703 2501 ὃς
732 2445 874 2518 apud
907 2447 1145 2499 Patinum
1168 2485 1181 2509 ,
1216 2459 1333 2514 pag.
1370 2447 1479 2510 298.
1529 2441 1576 2491 C
1597 2440 1649 2491 O
1670 2441 1728 2493 L.
1775 2441 1818 2492 L
1841 2443 1885 2491 A
1912 2443 1992 2493 O-

320 2578 323 2581 ,
423 2524 582 2580 DIC.
617 2523 665 2576 A
685 2521 732 2574 C
755 2521 813 2574 M
835 2521 899 2574 A.
927 2532 1173 2590 corrupte
1198 2517 1335 2590 legas
1352 2560 1365 2582 ,
1397 2532 1497 2583 pro
1519 2514 1992 2571 LAODICEAC.

423 2598 488 2650 M
508 2599 564 2651 E.
610 2598 672 2649 In
701 2592 848 2647 ¹hisce
878 2594 1104 2647 nummis
1134 2592 1318 2665 tempii.
1348 2587 1548 2661 effigies
1575 2588 1649 2640 est
1679 2632 1692 2654 ,
1738 2592 1789 2639 in
1820 2607 1994 2660 eoque

423 2671 813 2748 Aquila-‚jovis
836 2668 1028 2723 scilicet
1058 2669 1308 2739 armigera
1345 2708 1360 2732 ,
1397 2670 1449 2717 &
1487 2662 1638 2736 ipsius
1664 2666 1831 2715 vicem
1860 2682 1991 2736 prce-

428 2749 551 2805 bens
568 2748 619 2798 in
637 2747 877 2798 nummis:
900 2743 984 2797 vel
1005 2743 1234 2799 Romani
1257 2742 1428 2813 potius
1449 2739 1657 2810 Imperii
1682 2735 1992 2811 symbolum.

348 2822 526 2877 COL.
562 2822 607 2875 L
630 2821 749 2874 AO
772 2823 847 2876 D.
883 2821 1145 2875 METR
1167 2814 1613 2872 OPOLEOS.
1645 2810 1991 2882 Treboniam,
2026 2856 2029 2857 γ

420 2899 472 2949 in
502 2897 655 2951 Gaza
680 2897 864 2968 Regia.
2006 2893 2019 2907 ‘

344 2973 379 3027 S
399 2972 440 3026 E
460 2972 518 3027 Ρ.
557 2972 605 3026 C
625 2973 678 3026 O
699 2974 758 3028 L.
795 2971 969 3026 LVAV
986 2972 1060 3025 D.
1101 2968 1162 3022 M
1181 2969 1221 3023 E
1238 2970 1288 3021 T
1306 2967 1444 3023 Ro.
1508 2965 1663 3023 Getae
1705 2978 1983 3030 nummm,

416 3046 532 3102 haec
551 3044 717 3103 verba
743 3043 1022 3124 praeferens
1051 3045 1105 3098 in
1134 3060 1334 3100 corona
1357 3042 1556 3100 laurea:
1595 3056 1708 3112 quae
1741 3053 1981 3100 numrnm⁸
