2228 3428
694 225 1388 288 ILLUSTRATI.
1841 245 1924 295 117

358 307 544 381 Libye.
580 322 699 382 pag.
738 314 811 380 85.
840 305 1236 360 &Strabonem
1263 346 1277 370 ,
1310 302 1397 354 lib.
1426 318 1591 356 xvii.
1627 315 1743 375 pag.
1785 306 1851 371 83
1873 321 1922 370 3.

362 387 648 460 Carthago,
680 385 849 454 inquit
880 378 1027 433 Mela
1053 377 1210 444 scite,
1242 392 1301 428 ut
1329 374 1490 443 solet,
1523 376 1610 431 lib.
1657 397 1693 431 1.
1726 391 1842 450 cap.
1872 396 1923 445 7.

356 475 480 510 nunc
495 458 665 527 populi
689 461 909 510 Romani
945 452 1130 504 colonia
1151 492 1168 514 ,
1206 449 1318 501 olim
1334 456 1528 518 imperii
1560 455 1662 518 ejus
1684 458 1924 520 pertinax

355 534 531 586 aemula
551 558 563 584 :
579 536 692 600 jam
720 531 913 601 quidem
933 534 1109 579 iterum
1140 524 1393 595 opulenta.-
1419 530 1571 576 etiam
1610 544 1734 577 nunc
1757 540 1926 577 tamen

346 615 562 676 priorum
593 606 780 657 excidio
812 621 966 655 rerum
984 644 1001 665 ‚
1022 620 1176 674 quam
1205 614 1290 668 ope
1306 599 1611 673 praesentium
1635 599 1824 653 clarior.
1849 602 1926 653 Ex

354 683 491 734 urbis
511 680 780 732 ruderibus
805 680 1080 730 Tunetum
1100 693 1236 727 nunc
1256 675 1403 747 juxta
1423 674 1694 726 conditum
1718 719 1731 740 ,
1752 684 1924 729 Tana.

273 758 448 812 IND
475 753 971 809 VLGENTIA
1011 753 1190 808 AVG
1216 754 1286 808 G.
1329 751 1430 803 IN.
1471 749 1926 803 CARTH.Jn‚

289 871 304 879 „
354 830 606 903 dulgentia
636 830 957 903 Augustorum
972 835 1022 881 in
1053 825 1430 899 Carthaginem.
1466 826 1638 878 Severi
1660 841 1922 891 nummus,

351 922 379 957 e
400 905 626 958 Cimelio
649 907 820 978 Regio
839 947 853 970 ,
890 900 1177 956 Caracallae
1199 920 1227 952 e
1253 899 1433 951 nostro
1468 924 1478 952 z
1518 899 1599 950 cui
1626 897 1711 949 ille
1734 897 1925 963 similis,

349 979 1034 1034 INDVLGENTIA
1068 980 1177 1032 AV
1202 977 1274 1030 G.
1319 977 1338 1027 I
1368 977 1441 1029 N.
1485 973 1923 1037 ITALIAM‚

347 1051 576 1125 ejusdem
606 1056 808 1119 Severi,
834 1056 884 1103 in
910 1053 1081 1124 Regio
1106 1053 1294 1122 pariter
1325 1049 1567 1102 Cimeli0.
1698 1080 1699 1084 =

271 1135 612 1187 ΚΑΡΘΑΓ.
667 1134 1336 1186 MHTPOHOAEOC.
1366 1125 1571 1189 Severi,
1604 1119 1924 1175 eThesauro

349 1205 552 1257 Goltzii
570 1249 584 1271 ,
607 1223 724 1278 pag.
749 1211 844 1259 218.

277 1289 667 1338 ΚΑΡΘΑΓΗ
688 1287 1471 1338 NQN.M1-1TP01·1.AIQ
1516 1283 1921 1332 ΝΕΩΚΟΡΩΝ.

347 1358 613 1409 Nummus
636 1357 928 1421 Gordiani,
953 1372 980 1405 e
1011 1351 1285 1407 Thesauro
1315 1350 1552 1416 Goltzii,
1583 1365 1700 1421 pag.
1736 1354 1839 1403 218.

272 1430 311 1483 F
332 1430 371 1483 E
388 1431 469 1482 LI
490 1433 558 1483 X.
603 1434 650 1484 K
667 1430 715 1482 A
733 1433 844 1484 RT
866 1431 923 1483 H
945 1431 988 1481 A
1014 1430 1063 1482 G
1086 1430 1156 1482 O.
1200 1426 1562 1490 Diocletiani,
1592 1424 1922 1489 Maximiani,

350 1503 664 1557 Constantii.
716 1506 780 1557 Et
804 1507 850 1557 K
868 1506 912 1555 A
934 1504 1061 1556 RT.
1112 1504 1148 1554 F
1171 1502 1208 1553 E
1226 1501 1306 1552 Ll
1330 1501 1398 1553 X.
1437 1496 1577 1568 apud
1600 1498 1882 1567 seguinum
1903 1539 1919 1564 ,

348 1596 467 1652 pag.
496 1600 580 1650 43.
602 1595 664 1630 ex
698 1593 847 1652 parte
871 1577 1066 1643 altera,
1090 1578 1164 1630 D.
1193 1578 1274 1631 N.
1303 1573 1706 1629 HILDERIX.
1746 1570 1924 1642 REX.

345 1655 704 1707 Vandalorum
738 1655 775 1704 is
811 1662 1003 1726 nempe
1030 1654 1079 1703 in
1110 1649 1292 1704 Africa
1320 1666 1411 1701 rex
1443 1662 1588 1720 paene
1616 1645 1922 1719 postremus

199 1730 671 1785 CARTHAG
695 1731 767 1783 O.
807 1731 864 1783 N
890 1728 1094 1782 OVA.
1132 1726 1327 1780 COL.
1357 1727 1628 1779 Nummus
1661 1721 1778 1773 Caii
1801 1720 1922 1772 Cae-

344 1803 489 1872 sariS,
518 1803 837 1858 eThesauro
866 1801 1074 1857 Goltzii
1096 1846 1110 1869 ,
1142 1818 1261 1875 pag.
1298 1805 1396 1869 238.
1427 1796 1597 1853 Plinio
1618 1840 1632 1864 ,
1662 1795 1752 1850 lib.
1789 1817 1804 1850 1
1833 1817 1849 1848 1
1879 1816 1895 1849 1
1914 1838 1925 1850 .

343 1876 459 1933 sect.
482 1902 499 1935 1
520 1900 566 1935 v.
591 1880 848 1954 Carthago
869 1898 1000 1932 nova
1016 1919 1033 1941 ,
1061 1876 1245 1930 colonia
1262 1916 1279 1938 ‚
1300 1878 1351 1927 in
1372 1875 1615 1925 citeriore
1646 1867 1919 1945 Hispania.

345 1954 542 2007 Incolis
577 2000 593 2023 ,
641 1950 933 2028 Cartag'ena
964 1996 980 2016 ,
1021 1950 1073 2004 in
1107 1969 1269 2023 regno
1311 1950 1546 2003 Murciae.
1606 1949 1775 2002 Nova
1804 1944 1919 1996 haec

345 2044 508 2102 porro
536 2028 797 2103 appellata
822 2029 895 2081 est
914 2072 929 2095 ,
957 2027 1023 2079 acl
1050 2023 1320 2078 discrimen
1353 2026 1570 2088 vetem,
1602 2022 1746 2093 cujus
1780 2037 1919 2072 nunc

345 2100 613 2175 supersunt
643 2103 853 2175 vestigia
880 2105 931 2153 in
957 2103 1155 2175 oppido
1174 2099 1496 2153 Catalauniae
1514 2141 1526 2162 ,
1553 2096 1697 2151 Villa
1717 2102 1921 2149 Franca

348 2175 406 2227 de
429 2177 670 2232 Panades
691 2218 707 2239 ,
734 2192 791 2228 ut
812 2176 1035 2229 diximus
1064 2177 1116 2225 in
1143 2172 1390 2227 Plinianis
1420 2173 1575 2223 notis.

270 2249 337 2302 C.
368 2251 436 2304 C.
474 2254 553 2305 N.
582 2253 645 2304 A.
667 2254 735 2303 T.
771 2251 1108 2304 MANLIO.
1147 2251 1212 2302 C.
1238 2247 1664 2302 PETRONIO.
1705 2247 1910 2301 IIVIR.

345 2324 555 2379 Colonia
593 2323 851 2397 Carthago
884 2341 1019 2375 nova
1060 2323 1301 2396 Augusta.
1350 2327 1473 2372 Tito
1501 2318 1746 2382 Manlio,
1786 2328 1918 2374 Caio

343 2405 584 2454 Petronio
610 2405 921 2455 Duumvirzzr.
962 2399 1026 2451 Et
1055 2400 1104 2448 in
1136 2410 1286 2470 parte
1314 2394 1490 2446 aversa
1527 2392 1719 2446 rursum
1741 2438 1755 2459 ‚
1778 2395 1921 2448 CO-

344 2477 612 2532 LONIA.
663 2474 1121 2530 CARTHAG
1144 2474 1214 2526 O.
1260 2473 1316 2525 N
1339 2470 1540 2526 OVA.
1589 2472 1916 2526 AVGVS-

341 2553 478 2608 TA.
510 2552 728 2625 Augusti
759 2567 1000 2602 nummus
1017 2592 1030 2614 ‚
1054 2547 1191 2621 apud
1212 2543 1627 2600 Mediobarbum
1644 2590 1659 2613 ,
1681 2564 1797 2620 pag.
1819 2565 1912 2616 47.

343 2644 408 2680 ex
442 2629 628 2699 Sponii
669 2625 883 2678 ichedis.
935 2622 1039 2679 Sed
1081 2624 1221 2675 hunc
1249 2620 1433 2695 infigni
1474 2636 1696 2694 uterque
1737 2636 1915 2673 errore

342 2705 411 2754 ad
433 2701 807 2775 Carthaginem
839 2698 1032 2752 Africae
1065 2694 1270 2764 refert,
1312 2714 1468 2769 quam
1499 2713 1672 2768 neque
1699 2695 1765 2748 ab
1801 2698 1912 2750 Au-

345 2776 498 2849 gusto
526 2775 799 2828 deductam
831 2818 845 2842 ‚
896 2789 1071 2842 neque
1101 2774 1321 2825 Novam
1355 2776 1781 2843 cognominatam
1821 2771 1911 2823 ali..

347 2851 560 2919 quando
588 2847 737 2902 fuiffe
755 2893 769 2915 ,
798 2859 1141 2900 monumenta
1169 2845 1276 2896 ulla
1303 2845 1578 2901 testantur.

191 2925 240 2978 C
256 2924 303 2977 A
320 2926 349 2977 S
371 2925 419 2976 C
439 2924 486 2975 A
503 2927 558 2977 N
575 2926 689 2977 TV
707 2926 785 2978 M.

261 2999 327 3053 M
350 3004 390 3051 V
412 3002 468 3054 N
489 3000 509 3051 1
533 3002 578 3052 C
597 3001 687 3053 IP.
758 2999 804 3051 C
823 2998 871 3050 A
892 2998 922 3050 S
943 2995 991 3048 C
1010 2998 1050 3048 A
1073 2997 1132 3050 N
1151 2997 1364 3049 TVM.
1422 2991 1623 3047 Tiberii
1668 3014 1910 3049 nummus

342 3075 483 3150 apud
513 3076 755 3129 Patinum
777 3119 791 3143 ‚
809 3089 929 3148 pag.
960 3077 1044 3132 68.
1073 3089 1212 3125 nunc
1231 3070 1395 3125 Gazae
1413 3072 1581 3143 regiae.
1599 3068 1802 3138 Plinio,
1822 3070 1910 3128 lib.

1610 3146 1650 3199 P
1696 3145 1745 3217 iij
