2228 3428
287 227 405 282 59⁰
974 207 1034 258 N
1072 205 1120 257 U
1160 205 1221 257 M
1259 202 1322 256 M
1359 206 1385 257 I

367 296 594 335 vocatur.
634 281 731 334 Sed
755 280 861 330 avis
884 280 934 329 in
960 296 1178 329 nummo
1209 279 1414 351 depieta
1435 280 1595 350 magis
1623 280 1696 332 est
1722 282 1887 337 affinis
1920 301 2009 338 ac-

361 356 531 426 (ἠρία-ί
564 397 578 417 ,
619 371 776 418 quam
823 370 984 404 corvo
1017 377 1028 406 :
1060 357 1111 405 ὅ(
1146 355 1447 424 accipitrem
1482 367 1596 402 tota
1624 356 1869 428 AEgypto
1901 360 2007 413 coli

360 431 539 479 auctor
572 428 643 479 tst
677 425 870 484 Sti-abo
897 471 912 493 ,
940 425 1030 481 lib.
1059 445 1139 482 κν
1159 448 1232 482 11.
1270 432 1320 480 ὅ(
1359 425 1616 478 Τῑπιϊείει
1646 430 1871 500 denique
1900 437 2007 487 avis

359 501 425 552 de
455 503 706 573 accipitre
734 502 1063 555 commodius
1087 501 1291 575 potest,
1323 503 1477 573 qnam
1510 501 1576 553 de
1597 520 1761 554 corvo
1779 545 1794 570 ,
1821 505 2008 561 intelli-

358 576 407 647 gi
432 600 441 627 ε
477 587 619 646 quoti
654 577 841 629 Plinius
869 574 1056 643 refert,
1081 576 1171 630 lib.
1202 596 1250 630 x.
1286 575 1402 629 feci.
1426 594 1475 628 x.
1515 583 1584 628 In
1615 577 1849 630 Thracia·
1864 594 2010 648 parte

344 650 494 724 fiper
529 650 859 719 Amphipolim
887 649 1096 704 hommes
1132 667 1288 722 atque
1318 658 1573 718 accipitres
1596 653 1839 725 sociemte
1875 666 2011 725 qam-

362 725 481 774 dam
506 734 781 788 azmaveth,
819 727 918 789 &a
960 727 1066 780 Ubi
1097 729 1293 777 nostras
1326 726 1444 778 vide
1477 728 1526 776 in
1565 743 1681 778 eum
1707 726 2012 801 scriptorem

360 801 557 858 Notas,
623 804 807 870 Itaque
851 804 1183 854 Antoninum
1230 803 1345 851 vice
1388 799 1647 874 Apollinis
1707 805 2016 858 Sethro'itcn

358 877 540 929 Deum
570 874 671 927 esse
700 876 800 927 hoc
828 894 1045 927 nummo
1084 876 1191 945 ejus
1221 874 1402 949 oppidi
1445 877 1581 928 cives
1614 876 1932 951 significant:
1958 894 2017 932 ut

359 950 440 1003 M.
471 951 735 1006 Aurelium
772 949 950 1024 Nysaei
974 949 1065 1003 sibi
1090 954 1192 1006 Dei
1226 952 1359 1003 Luni
1380 953 1492 1002 vice
1519 948 1635 1003 fore
1664 953 1810 1027 supra
1841 955 2013 1009 testati

359 1021 502 1089 sunt,
531 1042 594 1076 co
617 1045 832 1078 nummo
861 1044 1015 1098 quem
1052 1038 1093 1083 K
1113 1040 1150 1082 A
1165 1039 1222 1083 M
1241 1040 1278 1082 A
1298 1039 1331 1081 P
1350 1037 1424 1084 EI
1445 1038 1482 1080 T
1499 1039 1548 1083 H
1564 1038 1603 1083 C
1626 1026 2008 1100 inseripserunt,

357 1098 506 1169 quod
535 1102 586 1150 in
617 1118 682 1153 eo
712 1100 885 1156 Cretae
917 1104 1116 1175 oppido
1145 1103 1407 1153 coloretur
1442 1126 1452 1153 :
1489 1118 1545 1152 ut
1576 1103 1739 1173 ipsum
1776 1104 2008 1154 Antoni-

356 1189 480 1223 num
531 1176 653 1248 Apis
695 1178 806 1225 vice
850 1176 1165 1251 Memphitae
1193 1220 1208 1244 ,
1249 1179 1300 1228 in
1336 1192 1554 1228 nummo
1605 1176 1756 1251 supra
1804 1176 2005 1246 allato,

353 1258 456 1305 ME
473 1262 528 1308 M
548 1267 582 1312 Φ
597 1263 671 1308 EI
689 1262 729 1305 T
744 1263 863 1309 HC.

283 1327 432 1380 (ΖΕΑ
451 1337 661 1384 ΕΥΚΕ
683 1339 810 1385 ΩΝ.
870 1337 912 1382 Τ
942 1337 1010 1384 Ω.
1075 1337 1144 1384 Π.
1185 1336 1465 1384 ΚΑΑΥΚ
1484 1336 1610 1384 ΑΔ.
1673 1326 1922 1379 Balbinus
1955 1330 2010 1382 in

357 1416 498 1472 equo
517 1446 531 1468 ‚
557 1402 694 1453 arula
712 1403 861 1474 juxta
879 1401 1063 1474 polita.
1092 1406 1150 1456 ln
1175 1406 1364 1477 pagina
1390 1408 1588 1453 nummi
1607 1405 1778 1454 antica
1797 1446 1810 1468 ,
1834 1403 2009 1456 Balbi-

354 1492 452 1526 nus
481 1479 665 1528 iterum
700 1480 872 1546 capite
900 1476 1164 1530 laureato:
1190 1489 1339 1535 ΑΥΤ.
1375 1490 1434 1536 K·
1471 1488 1623 1535 ΔΕΚ.
1658 1489 1792 1534 ΚΑΙ.
1826 1489 2009 1538 ΒΑΛ-

356 1557 675 1610 BEINOC.
714 1565 807 1611 (ΣΕ
831 1563 880 1606 Β.
925 1558 1059 1621 Imp.
1092 1553 1265 1628 Caefar
1293 1560 1526 1610 Decimus
1560 1553 1730 1607 Caelius
1757 1556 2010 1609 Balbinus

356 1632 498 1686 Aue.
533 1629 567 1679 E
601 1628 784 1680 Museo
812 1631 861 1683 S.
893 1627 1206 1683 Genovefae.

283 1707 332 1760 Σ
347 1711 448 1758 ΚΟ
465 1713 506 1757 T
521 1715 567 1759 O
583 1713 625 1758 Υ
643 1711 688 1761 Σ
706 1710 751 1763 Σ
766 1716 809 1758 A
828 1715 851 1758 Ι
873 1712 923 1758 Ω
939 1715 1001 1759 N.
1040 1702 1275 1756 Medusae
1301 1718 1475 1776 caput.
1523 1703 1603 1756 Ex
1632 1717 1780 1776 parte
1808 1705 2008 1756 nummi

356 1778 543 1844 altera,
574 1795 690 1831 uva.
720 1780 757 1830 E
793 1777 979 1830 Museo
1002 1778 1185 1834 FranC.
1216 1776 1504 1832 Gotifredi.

285 1861 451 1908 CMT
469 1865 566 1908 ΡΝ
586 1867 624 1908 Α
646 1863 667 1908 I
686 1864 735 1913 Ω
757 1866 817 1910 Ν.
854 1863 1336 1912 EPMOKAHC.
1376 1854 1589 1905 Turrita
1619 1853 1804 1907 mulier
1823 1855 2007 1908 dextra

357 1927 681 1978 Vnstoriolam
711 1931 860 1999 gerit.

281 2012 327 2058 ,Α
347 2012 423 2057 CI
443 2014 504 2058 A.
563 2013 602 2059 C
619 2014 672 2059 M
695 2013 736 2058 Υ
752 2014 786 2057 P
806 2014 926 2059 NA.
981 2000 1156 2054 Asiam
1189 2003 1371 2053 turrita
1396 2002 1584 2055 mulier
1608 2002 1821 2059 exhibet
1837 2048 1851 2071 ,
1879 2004 2007 2058 Iaeva

351 2075 549 2130 hastam
581 2078 779 2144 vibrat,
806 2076 1166 2150 generositatis
1199 2077 1428 2151 infigne,
1454 2077 1597 2150 cujus
1623 2082 1786 2153 gratia
1812 2085 1865 2133 &
1889 2083 2006 2135 Da-

351 2167 468 2203 mea
490 2153 613 2204 olim
634 2155 865 2205 vocitata
881 2150 956 2203 est
970 2195 984 2217 ,
1011 2153 1224 2204 au&ore
1250 2152 1596 2206 Eratosthene
1611 2198 1625 2221 ,
1645 2171 1700 2206 ut
1719 2156 1935 2208 diximus
1951 2156 2005 2207 in

351 2242 567 2280 nummo
603 2239 764 2286 ΜΥΡ
781 2239 803 2284 I
822 2241 869 2285 N
889 2238 966 2283 AI
989 2239 1039 2285 Ω
1055 2241 1118 2285 N.
1175 2229 1392 2299 Smyrne
1434 2228 1677 2281 Amazon
1723 2227 2004 2304 bipennem

351 2305 488 2373 gerit
523 2348 538 2372 ,
586 2305 797 2378 vulgare
830 2302 938 2356 fere
982 2308 1313 2355 Amazonum
1353 2301 1665 2376 symbolum.
1716 2308 1774 2358 In
1805 2304 2004 2357 summa

351 2382 550 2432 nummi
573 2396 722 2453 parte
736 2422 751 2445 ,
776 2392 822 2437 O
838 2391 891 2436 M
911 2392 958 2437 Ο
973 2392 1078 2437 ΝΟ
1096 2391 1118 2435 1
1135 2392 1179 2434 A
1198 2421 1214 2446 ‚
1253 2378 1524 2433 Concordia
1552 2379 1747 2431 scilicet
1762 2422 1776 2446 ,
1805 2378 2002 2432 foedus-

352 2470 456 2526 que
498 2455 684 2507 initum
719 2458 1012 2528 Smyrnaeos
1046 2458 1182 2506 inter
1213 2471 1274 2505 ac
1301 2454 1523 2523 reliquas
1560 2453 1693 2506 Afiae
1731 2456 1999 2521 civitates,

352 2527 496 2600 quod
527 2529 738 2602 quidem
758 2529 885 2580 foco
901 2529 971 2580 ibi
992 2527 1167 2600 pofito
1188 2543 1312 2579 ante
1333 2528 1494 2601 pedes
1513 2569 1526 2592 ‚
1551 2542 1837 2599 pateraque
1853 2571 1868 2594 ,
1898 2546 2002 2599 qua

349 2602 512 2657 libare
539 2605 745 2656 videtur
768 2603 889 2655 Asia
908 2646 922 2670 ,
943 2601 1226 2676 planiffime
1254 2600 1585 2676 significatur.
1614 2605 1672 2654 ln
1703 2618 1850 2674 parte
1877 2605 1998 2670 ima,

350 2689 466 2737 ΕΠ.
503 2693 558 2737 c.
597 2688 1140 2737 ΠΩΛΛΙΑΝΟΥ.
1174 2679 1296 2732 Nos
1319 2675 1416 2747 legi
1440 2686 1489 2731 Π
1510 2686 1745 2734 ΩΛΛΙ.
1792 2688 1995 2735 ΑΝΘΥ.

344 2755 614 2827 jubemus,
647 2756 751 2808 hoc
776 2755 879 2820 est,
907 2754 1002 2812 ’ὅθι-ι’
1035 2753 1326 2824 Στξσιτηνδ
1361 2759 1652 2821 ΠολλίωνΘν
1683 2755 1962 2817 Ἀνθυπείτου
1981 2798 1996 2822 ,

350 2829 450 2885 Sub
475 2837 694 2884 Praetore
716 2830 938 2884 Pollione
954 2828 1243 2904 Proconfiile
1258 2872 1272 2893 ,
1299 2834 1351 2882 &
1375 2828 1521 2898 quod
1538 2828 1677 2900 apud
1697 2830 1996 2896 Aristidem,

351 2920 408 2956 ut
433 2904 681 2971 diximus,
708 2910 916 2963 nomm
949 2909 1205 2971 occurrit,
1229 2904 1370 2980 ἅρχων
1401 2902 1436 2958 ἓ
1458 2903 1613 2965 Ἀσίας
1631 2945 1645 2968 ,
1679 2903 1826 2974 quod
1857 2905 1995 2956 idem

347 2993 506 3051 atque
525 2979 768 3043 οἰνθῦπατος
801 2981 1037 3033 videtur:
1069 2983 1120 3031 &
1150 2985 1294 3051 quod
1317 2979 1584 3043 α’νθυπυίπις
1610 2974 1813 3028 inscribi
1845 2995 1995 3030 num-

347 3055 440 3111 mis
460 3053 589 3131 saepe
610 3054 829 3113 vidimus
850 3098 867 3126 2
893 3068 930 3119 E
949 3071 984 3118 Φ
1000 3066 1094 3120 EC
1111 3065 1134 3112 1
1155 3066 1204 3118 Ω
1224 3068 1270 3116 N
1299 3058 1350 3112 in
1372 3056 1578 3132 primis:
1604 3058 1658 3117 ὃς
1679 3052 1826 3127 quod
1849 3054 1992 3113 deni-
