2228 3428
789 199 1490 257 ILLUSTRAT1.,
1816 220 1923 271 431

351 277 560 343 Lunus,
585 290 778 328 numen
812 275 943 329 Afiae
964 274 1243 344 familiare,
1274 282 1327 329 ὃ(
1361 276 1678 329 Pontificum
1707 280 1923 327 nomina

354 364 636 403 occurrunt
665 394 678 418 ,
725 352 777 403 in
817 351 1201 423 AEgyptiorum
1239 353 1461 402 nummis
1502 351 1625 402 alibi
1665 350 1917 421 nusquam

352 425 710 476 animadversa
728 469 743 492 ,
777 427 827 475 in
854 424 1085 475 Asiaticis
1116 423 1287 495 paffim
1314 424 1484 477 obvia.
1504 426 1604 477 Sed
1631 426 1774 477 litem
1798 424 1919 475 diri-

352 514 504 552 munt
530 502 758 571 antiquae
785 499 1010 553 Notitiae
1029 540 1041 562 ,
1074 500 1122 547 in
1157 496 1342 568 quibus
1382 501 1517 549 inter
1545 500 1725 571 Lydiae
1765 501 1919 551 Anti-

351 574 523 641 stiteS,
548 590 666 646 pag.
692 594 753 642 13.
783 579 835 626 ἃ
864 593 947 642 45.
975 587 1291 637 occurrunt,
1319 574 1343 625 ὁ
1372 572 1655 644 &voca-{iscam
1679 577 1702 628 ἆ
1722 574 1914 640 Σένῖῖων,

349 648 488 700 haud
506 646 690 713 dubie,
716 666 810 720 pro
834 646 1053 716 Σοψῆῶν.
1081 646 1147 697 Et
1170 661 1286 717 pag.
1306 669 1380 717 29.
1409 654 1580 713 Σίται,
1607 667 1700 719 pro
1723 656 1915 716 zirw-

349 723 502 776 Unde
535 722 730 795 gentile
758 739 953 773 nomen
980 720 1231 782 Σοαθϊωδς
1256 764 1269 786 ,
1297 738 1354 772 ut
1381 723 1709 794 Θυαπιρᾏιυός.
1741 725 1914 775 Leun-

348 796 541 848 clavius
569 793 730 847 habet
747 839 761 863 ,
787 799 810 850 ὅ
835 802 985 857 Σετὰῖν
1005 840 1018 862 ,
1043 802 1093 848 ὅ(
1120 798 1172 846 in
1198 801 1431 866 margine
1450 816 1514 851 ex
1537 815 1641 851 vet.
1664 800 1781 852 cod.
1816 801 1912 857 fi'wa

345 871 533 929 'Ama
574 872 678 924 Sed
700 876 978 943 genuinum
1008 870 1082 923 est
1102 872 1128 926 ὅ
1151 872 1368 939 Σοψὲἰαῗν.

272 957 782 1004 ΕΑΙΤΤΗΝΩΝ
799 989 933 1002 .....
952 957 1071 1005 ΟΥ.
1104 957 1254 1001 ΑΡΧ.
1284 961 1345 1002 A.
1371 960 1477 1007 TO.
1510 947 1909 1022 B.JuliaeD0m.

255 1082 267 1100 ἣ
348 1040 427 1073 nae
450 1040 719 1089 nummus,
747 1025 924 1092 inquo
950 1021 1197 1076 Herculis
1219 1024 1459 1093 impreffa
1487 1023 1682 1096 effigies
1698 1066 1856 1079 ,,,,,,
1877 1043 1908 1080 32

334 1097 612 1174 Ἀρχιερέως
645 1097 822 1159 mcciv-ov
843 1098 895 1154 w*
913 1104 974 1160 β.
996 1140 1005 1149 .
1024 1139 1034 1150 .
1058 1139 1068 1150 .
1099 1096 1338 1165 Pontzfice
1355 1109 1508 1167 primo
1535 1105 1722 1151 iterum.

267 1181 364 1228 CA
386 1184 462 1229 IT
478 1185 518 1229 T
536 1187 584 1230 Η
605 1187 649 1231 Ν
672 1185 720 1230 Ω
742 1187 803 1229 N.
839 1174 973 1225 Luni
1000 1173 1110 1225 Dei
1139 1170 1333 1244 effigies
1353 1218 1367 1241 ,
1393 1174 1564 1226 fluviis
1588 1173 1791 1225 duobus
1822 1193 1905 1249 ap,

344 1250 509 1318 posita
528 1293 541 1316 ,
571 1251 780 1302 Hermo
810 1246 1006 1299 scilicet
1027 1290 1038 1312 ,
1067 1244 1326 1317 alterique
1353 1252 1442 1320 qui
1470 1251 1520 1299 in
1548 1251 1809 1302 Hermum
1830 1253 1903 1300 in..

342 1319 502 1376 fluat:
535 1341 641 1394 quo
663 1322 781 1374 fitus
805 1320 942 1373 urbis
970 1323 1242 1373 indicatur.
1271 1321 1530 1373 Gordiani
1560 1324 1645 1376 hic
1665 1341 1904 1375 nummus

341 1395 417 1448 est
456 1415 484 1450 e
515 1399 666 1452 Gaza
696 1399 864 1469 Regia
892 1421 902 1449 :
944 1395 1218 1468 Adjeehim
1251 1395 1519 1448 Pontificis
1553 1415 1780 1463 nomen,
1818 1397 1903 1451 sed

343 1469 620 1523 barbarum
665 1498 674 1526 ε
724 1486 761 1530 E
787 1482 852 1527 Π.
908 1481 971 1526 Α.
1021 1481 1129 1526 ΛΠ
1150 1482 1444 1529 ΑΜΑΝΟ
1465 1483 1522 1527 Υ.
1578 1484 1903 1531 NOHHA-

346 1556 517 1602 COT.
561 1558 736 1602 APX.
779 1560 837 1602 A.
880 1557 993 1603 TO.
1037 1555 1089 1599 Β.

187 1620 234 1671 Σ
254 1624 292 1668 A
312 1627 358 1673 A
374 1633 416 1675 A
433 1632 489 1677 Μ
509 1633 532 1677 I
550 1634 630 1677 NI
649 1633 698 1678 Ω
714 1635 774 1678 N.

257 1702 356 1750 ΗΡ
377 1707 427 1754 Ω
450 1708 508 1753 C.
565 1707 829 1759 ETPTH
849 1707 952 1752 ΥΛ
972 1707 1091 1754 OC.
1146 1700 1329 1770 ,Heres
1363 1695 1626 1770 Eurypylus
1652 1738 1666 1759 ‚
1705 1699 1769 1750 de
1796 1718 1903 1772 quo

334 1772 526 1838 Mam,
562 1794 608 1826 2.
637 1773 852 1828 AEne'1‘d‚
878 1778 931 1826 ὃς
965 1770 1234 1824 Pausanias
1257 1775 1309 1824 in
1334 1765 1601 1839 Acha'ieis,
1638 1790 1757 1846 pag.
1798 1797 1903 1845 225.

332 1847 410 1899 Ex
447 1862 598 1920 parte
624 1846 829 1913 aversa,
862 1858 1021 1905 EHI.
1079 1858 1308 1903 CTPA.
1357 1858 1589 1906 ΠΟΛΛ
1613 1861 1634 1903 Ι
1657 1861 1901 1907 QNOC.

335 1932 773 1979 CAAAMINI
798 1934 927 1980 ΩΝ.
967 1931 1132 1980 ΠΑΦ
1156 1933 1254 1976 IA.
1287 1923 1403 1978 ’Em‘
1437 1925 1902 1996 ‚epmnwsnom‘m-

332 2002 461 2065 »Θή
487 2003 795 2070 Σαλαμινίων
826 2004 1020 2064 Παφίοι.
1049 1993 1148 2049 Sub
1175 2004 1394 2050 Praetore
1413 2001 1632 2051 Pollione
1650 2040 1665 2061 ,
1689 2000 1905 2054 Salami.

329 2078 512 2125 nicrum
537 2076 716 2127 Venus
739 2070 968 2142 Paphia.
1017 2071 1187 2124 Plinio
1205 2115 1218 2136 ,
1244 2069 1332 2125 lib.
1357 2091 1404 2125 v.
1433 2071 1546 2126 seer.
1575 2092 1652 2125 xx
1669 2092 1699 2125 x
1718 2095 1766 2128 v.
1802 2082 1902 2130 Sa-

330 2147 506 2214 lamis,
530 2150 584 2199 in
619 2145 777 2199 insula
804 2149 1005 2221 Cypr0.
1052 2147 1188 2198 Haec
1222 2145 1401 2219 postea
1437 2147 1753 2201 Constantia
1788 2162 1898 2208 Κον-

329 2223 518 2289 quim-ecoe.
545 2224 680 2276 diera
707 2222 780 2275 est
803 2267 818 2290 ,
861 2226 908 2278 S.
933 2219 1209 2295 Epiphanii
1229 2221 1348 2274 sede
1375 2223 1527 2276 clara.
1556 2224 1633 2275 Ex
1666 2225 1772 2296 ejus
1807 2227 1900 2278 de-

325 2300 451 2351 inde
473 2299 649 2364 ruiniS,
674 2296 814 2349 haud
846 2298 1033 2372 procul
1055 2312 1082 2346 a
1103 2313 1279 2349 vetere
1296 2298 1496 2370 oppido
1512 2341 1525 2364 ,
1550 2301 1773 2352 excitata
1788 2309 1900 2354 Fa-

323 2376 572 2448 magousta
595 2373 685 2428 est.
703 2369 936 2426 Affertur
961 2372 1047 2424 hic
1073 2388 1311 2422 nummus
1328 2390 1356 2423 a
1383 2375 1411 2425 S
1419 2373 1704 2445 panhemio
1720 2418 1733 2440 ,
1759 2375 1898 2428 libro

323 2446 392 2501 de
416 2448 506 2501 usu
534 2447 795 2503 Numism.
825 2464 947 2521 pag.
976 2452 1102 2516 480.
1141 2444 1227 2497 sed
1255 2463 1318 2497 ex
1347 2445 1554 2499 alterius
1584 2451 1679 2501 viri
1701 2448 1898 2520 relatu,

324 2523 468 2590 cujus
494 2522 668 2575 labare
688 2522 932 2574 hocloco
949 2522 1106 2573 fidem
1123 2519 1204 2572 vel
1223 2524 1568 2574 eruditionem
1590 2537 1722 2597 puto
1744 2550 1754 2578 :
1780 2544 1896 2579 cum

325 2606 376 2652 ΓΙ
393 2609 474 2654 ΕΡ
489 2610 526 2654 Γ
545 2609 658 2653 AM
675 2612 724 2654 H
740 2611 786 2654 N
806 2610 856 2655 Ω
875 2611 920 2654 Ν
945 2614 1124 2670 agrum
1156 2594 1375 2652 tenuiffe
1402 2597 1738 2672 Eurypylum,
1758 2605 1901 2674 apud

326 2674 560 2724 mekotes
597 2689 626 2722 a
659 2688 744 2721 me
771 2687 924 2723 antea
966 2687 1409 2723 commemoratos
1444 2676 1726 2745 reperiam:
1762 2685 1807 2737 Σ
1825 2691 1897 2733 Α-

327 2755 376 2802 Λ
394 2757 434 2801 Α
453 2758 509 2803 M
526 2757 546 2801 Ι
563 2759 609 2803 N
627 2758 649 2801 Ι
670 2757 719 2803 Ω
737 2760 782 2803 Ν
808 2787 822 2811 ,
849 2743 1117 2816 nusquam.
1179 2747 1247 2798 Er.
1281 2745 1452 2797 Pollio
1483 2749 1683 2800 Praetor
1707 2751 1761 2801 in
1785 2751 1897 2801 aliis

324 2822 765 2894 Pergamenorum
794 2822 1017 2870 nummis
1042 2818 1362 2891 appellatur:
1384 2835 1442 2870 ut
1467 2823 1605 2873 idem
1640 2828 1693 2875 &
1725 2825 1778 2874 in
1807 2827 1898 2878 Sa-

325 2893 654 2946 laminiorum
686 2896 910 2946 nummis
931 2892 1223 2966 appelletur
1247 2935 1261 2959 ,
1296 2895 1383 2945 vix
1408 2894 1565 2947 limile
1595 2899 1701 2953 veri
1732 2899 1819 2952 est.

174 2978 219 3032 Σ
234 2979 397 3027 ΑΛΑ
415 2982 512 3028 ΝΤ
528 2983 550 3026 1
570 2985 615 3028 Ν
636 2981 686 3028 Ω
702 2983 748 3030 N
764 3014 776 3037 ,
797 2972 847 3020 in
875 2970 1076 3040 Magna
1109 2968 1314 3020 Graecia
1343 2967 1550 3027 Goltzii
1567 3013 1581 3036 ,
1612 2967 1718 3027 tab.
1746 2990 1894 3030 xxxx.

321 3044 524 3119 Plinio,
560 3046 649 3102 lib.
696 3067 714 3105 .1
740 3038 828 3105 ili,
851 3040 965 3105 sedi.
1000 3060 1130 3106 xvi.
1161 3040 1373 3103 Soletum
1404 3043 1649 3111 desertum.
1683 3047 1819 3122 Quae
1841 3055 1896 3106 &
