2228 3428
718 178 1427 237 ILLUSTRATI.
1869 199 1951 253 ¹59

374 275 509 314 voce
535 258 603 311 ab
627 264 829 327 Euripos
847 298 863 320 ,
888 272 947 308 ut
975 257 1204 308 arbitror
1224 299 1238 322 ,
1272 254 1506 307 deflexa:
1531 251 1723 306 deinde
1748 256 1946 327 Negre-

370 349 523 408 pont,
550 333 691 406 quasi
717 337 771 393 ὀμ
805 333 1026 400 Εὐρίπῳ.
1090 331 1193 382 His
1225 328 1332 381 fere
1358 331 1578 380 nummis
1611 327 1758 382 bovis
1795 342 1952 403 caput

378 409 723 483 insculptum:
754 405 953 460 causam
982 400 1194 473 hujusce
1221 405 1378 453 moris
1395 419 1457 453 ex
1474 403 1717 456 Pausania
1734 405 1949 478 indaga-

380 489 481 535 turi
510 486 677 536 sumus
692 526 708 550 ‚
734 486 788 535 in
818 480 1043 532 nummis
1083 488 1232 534 ΚΑΡ
1250 487 1294 532 Υ
1312 484 1411 537 ΣΤ
1432 487 1453 531 Ι
1471 488 1521 534 Ω
1541 490 1602 533 N,
1649 480 1947 553 Stephano:

381 558 564 615 Ed'Cocoe
589 565 742 617 νὶἶσος.
763 599 770 608 .
790 598 799 610 .
822 597 831 609 .
863 555 916 611 π’
945 554 1096 609 ἐθνικὸν
1113 597 1127 621 ,
1156 553 1390 609 ΕυἘοιιῦς.

303 632 426 689 AD
449 637 553 689 VE
574 633 817 689 NTVI.
861 633 974 684 AV
995 630 1066 683 G.
1111 629 1275 683 EVB
1297 628 1529 683 OEAE.
1557 628 1947 695 Occ0‚inHa-

378 711 588 776 d-r.ian0‚
617 724 737 780 pag.
773 725 881 776 230.
1436 740 1439 743 «

226 784 383 840 EVF
405 787 502 838 ΑΡ
522 785 587 836 A.
624 779 795 836 Musei
832 778 996 832 nostri
1029 796 1273 833 nummus
1310 780 1525 852 ignotus
1552 821 1567 845 ,
1609 777 1696 830 sed
1726 778 1949 833 Boeotia:

379 874 550 910 tamen
575 853 943 912 adscribendus
960 898 974 922 ,
1000 855 1147 928 quod
1171 899 1186 922 ,
1203 870 1260 906 ut
1280 855 1441 906 ceteri
1470 856 1785 906 Boeotorum
1805 872 1950 906 num-
2020 866 2023 867 ’

377 935 476 999 mi,
499 947 753 984 craterem
773 975 786 997 ,
819 931 1016 982 clavam
1038 974 1052 997 ‚
1083 931 1439 1004 clypeumque
1458 927 1674 1001 praefert
1696 954 1706 982 z
1738 926 1947 1002 quibus,

377 1023 436 1058 ut
464 1007 626 1059 verbo
654 1018 689 1061 B
709 1021 756 1065 O
776 1019 797 1063 I
819 1017 870 1064 Ω
887 1017 928 1060 T
949 1016 998 1063 Ω
1019 1019 1067 1063 N
1108 1007 1330 1059 diximus
1352 1048 1366 1071 ,
1397 1005 1570 1058 Liberi
1600 1019 1761 1078 atque
1802 1006 1948 1059 Her-

376 1083 501 1132 culis
527 1086 694 1155 patria
719 1083 1034 1154 designatur.

223 1157 328 1212 EV
347 1157 383 1209 F
403 1160 453 1212 R
473 1159 583 1213 AT
601 1159 639 1211 E
655 1162 701 1212 S.
732 1160 1002 1212 Nummus
1023 1158 1236 1230 Trajani
1253 1199 1267 1223 ‚
1295 1156 1437 1231 apud
1478 1157 1761 1210 Occonem
1788 1200 1802 1224 ,
1825 1171 1946 1229 pag.

372 1252 462 1305 215.
498 1237 549 1285 in
573 1252 682 1305 quo
711 1251 844 1307 pons
874 1234 1018 1283 amni
1057 1232 1331 1307 impositus
1358 1275 1372 1296 ,
1412 1231 1482 1282 ad
1525 1230 1859 1285 deducendas
1893 1234 1947 1283 in

370 1308 626 1381 Affyriam
652 1307 1208 1381 Mesopotamiamque
1230 1310 1426 1380 copias,
1443 1305 1585 1360 Vide
1601 1307 1945 1382 Xiphilinum.

371 1385 461 1437 De
483 1384 753 1455 Euphrate
781 1383 946 1435 multa
967 1383 1160 1436 Plinius
1179 1426 1194 1449 ‚
1219 1381 1306 1437 lib.
1339 1401 1388 1436 v.
1417 1382 1532 1436 sest.
1551 1400 1654 1435 «xx.

217 1467 434 1516 ΕΥΘΗ
452 1471 497 1516 N
516 1471 538 1514 Ι
556 1471 596 1513 Τ
614 1472 740 1518 ΩΝ.
788 1459 864 1509 Ex
891 1455 1161 1510 Thesauro
1192 1456 1401 1510 Goltzii
1421 1499 1437 1524 ,
1467 1473 1588 1531 pag.
1617 1479 1710 1530 215.
1747 1458 1946 1525 Plinio,

373 1532 463 1586 lib.
494 1552 542 1586 ν.
576 1531 690 1587 sea.
717 1550 824 1585 xxi
845 1551 893 1587 x,
922 1528 1154 1585 Euthene.
1190 1532 1464 1603 Stephano
1491 1556 1500 1584 ε
1529 1532 1734 1602 Εόθζωοιξ
1760 1576 1774 1600 ,
1806 1535 1948 1592 ’πόλις

363 1614 567 1682 Κωρίως.
593 1609 659 1664 To*
684 1607 836 1665 ἐθνικόν
855 1652 869 1674 ,
895 1608 1209 1677 Ev'OZonQ-‘‚
1240 1607 1498 1675 Εὗθζωᾰῦς,
1528 1609 1815 1671 Ἐυθῖιυίτκς.

217 1693 309 1743 ET
324 1694 366 1742 K
382 1699 424 1742 A
441 1699 476 1742 P
494 1696 544 1742 Π
560 1698 596 1743 Ε
616 1698 666 1744 Ω
685 1698 743 1743 ΝΑ
764 1681 914 1758 Juliae
942 1687 1178 1740 Domnae
1197 1727 1211 1750 ‚
1226 1700 1343 1735 cum
1368 1680 1599 1756 Cybeles
1629 1686 1806 1737 stantis
1836 1688 1947 1738 ico-

368 1779 464 1830 ne,
488 1780 549 1814 ac
574 1761 903 1814 Treboniam
932 1760 1162 1826 nummi,
1193 1775 1221 1810 e
1249 1758 1476 1812 Cimelio
1511 1761 1702 1834 Regio.
1742 1761 1910 1815 Plinio
1929 1805 1945 1829 ,

368 1834 457 1889 lib.
488 1835 872 1890 v.se6t.xx1X.
908 1843 1213 1904 Eucarpem‘,
1242 1836 1296 1886 in
1333 1835 1580 1908 Phrygia.
1641 1837 1944 1911 Stephano:

371 1912 630 1984 Εόχᾳρπία,
653 1917 790 1980 δῆμος
806 1911 841 1968 ἓ
862 1916 1036 1984 paup&
1065 1911 1249 1984 Φρυγίας
1268 1952 1277 1964 .
1298 1952 1309 1965 .
1331 1953 1344 1967 .
1366 1910 1584 1969 ’τδέθνικόν
1606 1957 1620 1979 ,
1653 1913 1945 1985 Εὗχςιρπῑᾶς.

370 1987 616 2038 Facetam
641 1987 830 2039 deinde
855 1987 993 2039 idem
1029 1986 1396 2059 appellationis
1428 1987 1536 2058 ejus
1565 1988 1823 2042 rationem
1864 1987 1942 2040 af-

371 2057 497 2114 fert:
527 2063 612 2115 Sic
640 2065 777 2112 enim
804 2059 906 2113 effe
930 2061 1246 2134 appellatam
1274 2077 1337 2111 ex
1362 2061 1728 2134 Metrophane
1752 2062 1943 2130 docet,

371 2134 442 2185 ob
467 2138 581 2187 vitis
608 2136 955 2210 praestantiam
976 2179 991 2203 ,
1024 2153 1139 2208 quae
1173 2152 1324 2189 uvam
1344 2150 1545 2187 tantam
1576 2140 1854 2209 producit,
1884 2151 1942 2189 ut

366 2207 600 2280 plaustro
625 2210 866 2282 imposita
893 2210 949 2262 id
978 2211 1208 2261 medium
1234 2209 1462 2282 frangat.
1507 2213 1568 2264 In
1589 2213 1648 2267 Ν
1656 2214 1803 2265 otitia
1839 2214 1940 2266 Ec-

367 2282 482 2337 clefi
505 2285 756 2354 antiqua,
787 2301 904 2357 pag.
941 2303 1044 2354 49.
1086 2284 1331 2356 Phrygiae
1362 2285 1581 2337 Salutari
1611 2285 1938 2343 adscribitur.

361 2358 595 2410 Matrem
623 2357 807 2412 Defim
843 2355 1086 2432 Cybelen
1116 2360 1384 2432 praecipuo
1417 2359 1608 2412 cultam
1654 2361 1860 2415 honore
1883 2365 1938 2415 in

363 2432 824 2507 Phrygiaffveteres
841 2434 1204 2506 inscriptiones
1221 2432 1427 2507 aliaque
1445 2452 1790 2488 monumenta
1811 2438 1939 2490 edo-

366 2523 500 2562 cent.
527 2507 657 2562 Inde
674 2509 812 2561 enim
838 2510 1149 2582 Berecyntia
1175 2514 1230 2562 ὃς
1254 2509 1480 2585 Phrygia
1503 2512 1682 2565 Mater
1703 2513 1936 2588 appella-

364 2595 431 2635 ta.
458 2583 615 2636 Maro
642 2587 694 2635 in
722 2584 898 2638 sexto:
1105 2612 1108 2613 ⁷

675 2659 855 2733 Qalz‘s
882 2663 1178 2733 Berecyntia
1211 2675 1375 2714 mater

452 2731 727 2786 Invehitur
747 2752 882 2788 curru
912 2733 1166 2812 Phrygias
1194 2743 1376 2790 turrita
1391 2749 1486 2805 per
1503 2737 1638 2791 urbes
1670 2742 1772 2793 &a

288 2815 380 2862 ΕΥ
402 2817 442 2862 Κ
460 2824 501 2863 A
520 2823 555 2864 P
572 2820 620 2864 Π
635 2822 709 2867 ΕΙ
726 2824 789 2866 A.
821 2812 1094 2862 Turritum
1123 2824 1298 2883 caput,

214 2891 306 2937 ET
324 2894 377 2937 M
392 2896 428 2940 E
443 2897 534 2941 NE
552 2897 601 2941 Ω
618 2898 679 2942 N.
717 2887 776 2937 In
799 2885 999 2936 laurea:
1030 2901 1092 2936 ex
1112 2899 1260 2955 parte
1284 2886 1460 2938 aversa
1477 2930 1492 2953 ‚
1511 2888 1661 2961 Jovis
1684 2902 1856 2961 caput.

285 2969 449 3016 ΕΥΜ
467 2973 612 3018 ENE
631 2973 680 3018 Ω
700 2973 761 3016 N.
798 2971 836 3017 Γ
855 2969 901 3015 Α
919 2970 1018 3016 ΑΥ
1038 2971 1143 3017 ΚΟ
1160 2968 1206 3019 Σ
1241 3002 1256 3026 ,
1303 2979 1425 3013 cum
1456 2960 1599 3013 fluvii
1627 2966 1780 3016 icone
1819 2965 1932 3016 vul-

251 3091 254 3094 ⁴
356 3037 503 3107 gari,
541 3037 680 3113 apud
712 3035 993 3113 Spanhem.
1042 3034 1135 3092 lib.
1175 3036 1240 3090 de
1273 3036 1363 3090 usu
1395 3036 1632 3094 numism.
1660 3055 1780 3114 pag.
1810 3044 1929 3110 890.
