2228 3428
304 216 423 286 463
760 204 1132 260 NUMMI
1192 204 1667 282 ANTIQJI

382 291 764 342 CMYPNAI
787 290 911 336 ΩΝ,
952 290 1324 344 ΠΡΩΤΩΝ.
1365 292 1595 339 ACIAC.
1628 292 1680 336 B.
1717 295 2026 345 NEQKO.

451 372 487 413 Ρ
507 369 556 413 Ω
577 368 637 412 Ν.
666 357 888 409 Nummi
907 356 1059 429 Juliae
1085 359 1320 410 Domnae
1339 399 1354 422 ,
1379 355 1661 409 Caracallae
1679 400 1692 422 ,
1713 359 1857 429 Juliae
1892 365 2029 415 Mae..

450 430 511 483 sae
531 475 545 497 ,
582 436 634 484 ὃς
670 429 958 482 Alexandri
997 433 1172 484 Severi
1196 472 1211 497 ,
1240 433 1291 481 in
1320 431 1547 484 Cirnelio
1575 434 1749 503 Regio
1776 456 1786 484 :
1834 436 2026 506 quibus

449 507 672 556 nummis
704 507 927 556 civitatis
957 505 1063 577 ejus
1103 508 1451 579 praerogativa
1490 504 1807 578 fignificatur
1827 550 1841 573 ,
1882 510 2028 581 quod

451 597 635 633 ceterae
660 597 724 631 eo
747 595 1071 632 conventum
1091 596 1306 653 agerent
1322 623 1335 645 ‚
1350 579 1806 652 disceptarentque
1823 580 1895 634 ibi
1924 583 2033 636 fini..

451 660 588 708 timae
611 657 861 707 civitates
885 657 1086 726 Neque
1100 656 1237 705 enim
1266 655 1462 707 ufitatae
1483 655 1580 705 illae
1601 657 1653 705 in
1684 659 1908 708 nummis
1926 656 2029 709 for-

451 732 640 798 mulae,
665 742 1176 790 CMTPNAIQN
1221 739 1582 789 ΠΡΩΤΩΝ
1622 742 1886 790 ACIAC
1924 756 1934 783 :
1974 737 2031 786 &

448 809 500 858 in
524 806 742 880 Augusti
772 805 1165 857 numismatibus
1185 849 1199 872 ‚
1232 804 1545 874 Caracallae,
1571 806 1723 858 Getae
1745 850 1758 873 ,
1784 808 2029 873 Macrini,

452 880 741 936 Alexandri
778 883 950 934 Severi
970 925 984 947 ,
1010 880 1270 934 Gordiani
1301 924 1314 947 ,
1355 879 1758 952 Tranquillinae,
1784 888 1837 936 &
1874 880 2034 935 Vale-

452 959 615 1023 riani,
650 966 1019 1025 ΕΦΕΟΙΩΝ
1055 966 1105 1013 Π
1127 968 1418 1015 ΡΩΤΩΝ
1460 967 1737 1014 ACIAC.
1787 954 2037 1010 Caracal-

452 1032 514 1083 lae
532 1077 547 1099 ,
576 1035 833 1085 Herennii
857 1032 1086 1098 Etrusci,
1121 1038 1175 1086 &
1207 1032 1467 1086 Valeriani
1493 1077 1507 1100 ,
1546 1041 2037 1090 ΠΕΡΓΑΜΗΝΩΝ

455 1118 505 1164 Π
523 1122 556 1164 Ρ
573 1120 622 1166 Ω
642 1119 682 1163 Τ
703 1119 753 1166 Ω
771 1122 830 1164 N.
876 1110 1012 1162 Non
1029 1151 1043 1174 ‚
1073 1109 1285 1180 inquam
1311 1150 1324 1173 ,
1353 1106 1431 1159 hae
1459 1105 1698 1160 formulae
1728 1110 2034 1159 contentio-

452 1200 543 1235 nes
570 1198 773 1235 tantum
807 1186 942 1234 inter
958 1181 1007 1234 se
1030 1180 1078 1234 se
1100 1182 1304 1234 urbium
1333 1181 1655 1257 significant,
1679 1180 1745 1234 de
1772 1199 2034 1255 praeroga-

452 1261 571 1311 tivae
600 1258 857 1330 dignitate
875 1302 890 1325 ,
918 1272 974 1309 ut
994 1256 1155 1310 visum
1179 1259 1301 1309 alias
1322 1256 1538 1310 eruditis
1573 1257 1719 1309 viris:
1744 1257 1830 1309 sed
1848 1256 1933 1309 vel
1952 1256 2031 1308 lu-

452 1333 550 1384 dos
583 1335 806 1406 primum
841 1350 871 1383 a
900 1333 1192 1385 Communi
1221 1330 1353 1385 Afiae
1373 1335 1423 1383 in
1453 1349 1512 1384 ea
1539 1331 1670 1383 urbe
1713 1331 1914 1398 editOS,
1944 1331 2033 1383 sub

451 1425 516 1459 eo
541 1406 786 1480 Augusto
808 1451 821 1472 ,
843 1407 984 1478 cujus
1004 1406 1201 1480 effigies
1225 1409 1277 1459 in
1306 1425 1525 1461 nummo
1549 1405 1622 1459 est
1639 1450 1654 1472 ,
1686 1404 1770 1459 vel
1795 1408 1848 1458 in
1871 1404 2032 1457 finiti-

449 1500 559 1534 mas
582 1484 818 1535 civitates
831 1481 1236 1553 jurisdictionem
1253 1528 1266 1550 ‚
1290 1482 1438 1554 quod
1460 1498 1522 1534 eo
1539 1479 1742 1533 deferre
1761 1478 1932 1533 causas
1953 1480 2032 1533 hae

451 1570 787 1632 cogerentur,
806 1572 861 1609 ut
881 1573 944 1608 eo
968 1555 1087 1609 foto
1106 1555 1481 1632 disceptarent,
1497 1570 1887 1630 proptereaque
1902 1559 2039 1630 prin.

450 1636 684 1705 cipatum
715 1635 848 1683 inter
895 1646 1091 1683 ceteras
1129 1632 1199 1684 sui
1234 1648 1457 1704 quaeque
1491 1633 1680 1682 tractus
1718 1630 2035 1686 obtinerent.

452 1708 675 1773 Plinius,
706 1706 808 1761 loe.
836 1708 925 1759 cit.
945 1714 1233 1783 Smyrnaeum
1259 1722 1545 1758 conventum
1569 1722 1754 1779 magna
1768 1719 1886 1774 pars
1906 1713 2034 1758 AEo-

451 1783 532 1833 lt'ae
567 1780 867 1852 frequent-at
912 1787 1017 1839 δίε.
1076 1783 1216 1838 Vide
1263 1801 1378 1855 quae
1439 1782 1660 1834 diximus
1702 1783 1755 1833 in
1804 1783 2028 1834 nummis

453 1874 497 1914 A
513 1872 565 1914 M
587 1872 629 1913 A
646 1870 684 1914 C
700 1871 737 1914 E
754 1869 776 1912 I
796 1871 839 1912 A
855 1868 910 1913 C.

375 1950 414 1997 C
432 1944 543 1990 MT
561 1947 596 1989 Ρ
614 1946 711 1989 NA
732 1944 753 1987 1
773 1943 898 1988 ΩΝ.
937 1941 1257 1989 ΠΡΩΤΩΝ.
1296 1943 1351 1988 Γ.
1388 1941 1791 1991 ΝΕΩΚΟΡΩΝ.
1832 1943 1874 1986 Τ
1896 1942 1946 1989 Ω
1969 1944 2032 1988 N.

450 2021 489 2066 C
503 2022 543 2067 E
559 2019 592 2063 B
610 2022 654 2065 A
671 2019 712 2066 C
732 2020 772 2063 T
790 2019 840 2065 Ω
860 2020 920 2064 Ν.
946 2010 1189 2061 Neocori
1208 2006 1567 2080 Augustorum
1593 2008 1859 2074 dicuntur,
1883 2023 2032 2057 nem-

450 2102 518 2157 pe
551 2085 705 2138 Getae
733 2089 784 2136 ὅ(
817 2080 1133 2136 Caracallae:
1158 2090 1173 2151 (
1194 2081 1266 2134 est
1287 2085 1426 2134 enim
1455 2082 1603 2155 hujus
1635 2084 1891 2156 Principis
1919 2080 2033 2136 effi-

450 2162 534 2234 gie
558 2157 703 2211 cusus
729 2158 822 2211 iste
851 2158 1031 2230 Regiae
1065 2157 1228 2209 Gazae
1252 2166 1557 2228 nummusz)
1593 2157 1740 2230 quod
1762 2159 1816 2209 in
1847 2174 2029 2211 eorum

451 2236 672 2307 gratiam
707 2233 857 2286 ludos
875 2277 890 2300 ,
926 2234 1321 2304 certaminaque
1357 2232 1574 2284 ederent
1607 2276 1621 2299 ,
1668 2238 1721 2286 ὅτ.
1747 2231 1889 2285 sacra
1919 2246 2031 2283 tum

449 2311 662 2361 tertium
694 2307 943 2360 facerent.
974 2309 1104 2359 Sunt
1133 2306 1343 2382 &juliae
1376 2310 1610 2362 Domnae
1636 2308 1899 2380 inscripti,
1920 2317 2029 2363 ΕΠ.

350 2393 389 2464 s
450 2396 491 2441 c
513 2397 569 2439 T.
614 2395 771 2441 Por
789 2398 824 2444 ‹1›
848 2396 870 2439 1
888 2393 1054 2440 nor
1074 2427 1088 2449 ,
1129 2383 1479 2469 ’angqpamms
1499 2384 1741 2450 P‘oucpa'vou.
1775 2392 1895 2440 ΕΠ.
1930 2394 2032 2441 CT.

452 2473 495 2517 K
515 2470 576 2517 A.
619 2473 712 2515 Ap
733 2472 754 2514 1
773 2469 871 2516 CT
889 2472 936 2515 o
956 2472 992 2517 ‹1›
1014 2469 1292 2516 ANOTC
1315 2503 1329 2525 ,
1366 2458 1597 2517 Κλοωὲίου
1627 2458 1975 2526 Ἀμςῃφαίνως.

373 2546 498 2594 ΕΠ.
542 2546 708 2593 CTP.
745 2547 818 2590 M.
857 2543 1002 2589 ATP.
1038 2545 1435 2591 PEMINOT.
1487 2545 1878 2592 CMTPNAI
1901 2546 2029 2593 ΩΝ.

451 2621 501 2666 Π
525 2621 1067 2669 ΕΡΓΑΜΗΝΩΝ.
1107 2622 1410 2667 ΟΜΟΝΟ
1432 2622 1533 2666 ΙΑ.
1563 2610 2033 2678 Caracallae,eGa-

440 2700 517 2737 'za
542 2689 725 2758 Regia.
747 2684 835 2737 lsss
855 2729 868 2750 ,
900 2684 1143 2738 Nemesis
1163 2728 1177 2751 ‚
1207 2682 1537 2757 AEsculapius
1555 2727 1568 2751 ‚
1594 2684 1801 2739 stantes,

376 2772 491 2818 ΑΥ.
537 2773 613 2818 Κ.·
642 2774 715 2818 M.
758 2774 800 2816 A
819 2774 865 2818 N
883 2771 923 2815 T
941 2771 992 2817 Ω
1012 2773 1109 2818 NE
1129 2771 1150 2816 I
1169 2773 1277 2818 ΝΟ
1295 2773 1352 2819 C.
1389 2760 1674 2813 Caracallae
1699 2804 1714 2826 ,
1746 2761 1887 2833 apud
1918 2763 2033 2815 Oe..

455 2854 645 2889 eonem
665 2881 678 2903 ,
710 2853 828 2909 pag.
868 2840 929 2903 38
946 2857 966 2904 3
983 2877 994 2889 .
1027 2841 1080 2889 ὅτ.
1114 2838 1165 2886 in
1202 2836 1426 2889 Cimelio
1457 2837 1643 2909 Regio,
1685 2837 1741 2888 In
1767 2834 2036 2909 superficie

453 2913 629 2964 aversa
667 2937 677 2963 ε
720 2923 974 2969 CMTPN·
1012 2922 1315 2969 ΠΡΩΤΩΝ
1354 2923 1396 2966 Τ
1415 2923 1465 2968 Ω
1483 2925 1528 2968 N
1575 2922 1615 2967 C
1631 2924 1668 2969 E
1685 2922 1719 2965 Β
1741 2924 1785 2967 A
1807 2924 1903 2969 CT
1920 2922 1968 2966 Ω
1986 2923 2033 2966 Ν

455 2998 796 3044 ΚΑΛΛΕΙ.
843 2999 1006 3044 ΚΑΙ.
1050 2997 1417 3046 ΜΕΓΕΘΕΙ.
1454 2995 1617 3043 ΕΠῙ.
1662 2999 1762 3046 CT
1786 2996 2028 3042 PATH.

455 3072 498 3116 T
517 3074 539 3118 Ι
554 3074 606 3118 Β.
642 3075 684 3122 Κ
699 3077 732 3119 Ρ
748 3076 796 3120 Η
810 3075 851 3119 T
867 3077 910 3121 A
928 3078 963 3121 P
984 3075 1005 3120 1
1023 3077 1068 3122 O
1086 3075 1146 3120 Υ.
1171 3065 1333 3137 Legit
1359 3064 1583 3137 Sponius
1601 3105 1615 3129 ‚
1643 3065 1691 3113 in
1709 3064 1822 3116 Itin.
1840 3060 2033 3117 Athen.
