<?xml version="1.0" encoding="UTF-8"?>
<!DOCTYPE html PUBLIC "-//W3C//DTD XHTML 1.0 Transitional//EN"
    "http://www.w3.org/TR/xhtml1/DTD/xhtml1-transitional.dtd">
<html xmlns="http://www.w3.org/1999/xhtml" xml:lang="en" lang="en">
 <head>
  <title>
</title>
<meta http-equiv="Content-Type" content="text/html;charset=utf-8" />
  <meta name='ocr-system' content='tesseract 3.04.00' />
  <meta name='ocr-capabilities' content='ocr_page ocr_carea ocr_par ocr_line ocrx_word'/>
</head>
<body>
  <div class='ocr_page' id='page_1' title='image "./joannisharduinis00hard_0444.png"; bbox 0 0 2228 3428; ppageno 0'>
   <div class='ocr_carea' id='block_1_1' title="bbox 295 201 2045 2211">
    <p class='ocr_par' dir='ltr' id='par_1_1' title="bbox 295 201 2031 489">
     <span class='ocr_line' id='line_1_1' title="bbox 295 201 1611 279; baseline 0.004 -26"><span class='ocrx_word' id='word_1_1' title='bbox 295 201 406 267; x_wconf 74' lang='lat'>416</span> <span class='ocrx_word' id='word_1_2' title='bbox 781 201 1110 257; x_wconf 82' lang='lat' dir='ltr'>NUMMI</span> <span class='ocrx_word' id='word_1_3' title='bbox 1175 202 1611 279; x_wconf 71' lang='lat' dir='ltr'>ANTIQUI</span> 
     </span>
     <span class='ocr_line' id='line_1_2' title="bbox 448 273 2031 352; baseline 0.004 -28"><span class='ocrx_word' id='word_1_4' title='bbox 448 273 583 324; x_wconf 80' lang='lat' dir='ltr'>niam</span> <span class='ocrx_word' id='word_1_5' title='bbox 622 273 761 348; x_wconf 82' lang='lat' dir='ltr'>apud</span> <span class='ocrx_word' id='word_1_6' title='bbox 800 277 1082 329; x_wconf 83' lang='lat' dir='ltr'>Gruterum</span> <span class='ocrx_word' id='word_1_7' title='bbox 1123 279 1173 329; x_wconf 90' lang='lat' dir='ltr'>in</span> <span class='ocrx_word' id='word_1_8' title='bbox 1218 277 1418 329; x_wconf 85' lang='lat' dir='ltr'>vetusta</span> <span class='ocrx_word' id='word_1_9' title='bbox 1458 279 1793 350; x_wconf 80' lang='lat' dir='ltr'>inscriptione</span> <span class='ocrx_word' id='word_1_10' title='bbox 1836 279 2031 352; x_wconf 71' lang='lat' dir='ltr'>legitur</span> 
     </span>
     <span class='ocr_line' id='line_1_3' title="bbox 447 344 2027 424; baseline 0.004 -29"><span class='ocrx_word' id='word_1_11' title='bbox 447 364 555 397; x_wconf 87' lang='lat' dir='ltr'>non</span> <span class='ocrx_word' id='word_1_12' title='bbox 582 344 769 417; x_wconf 78' lang='lat' dir='ltr'>semel,</span> <span class='ocrx_word' id='word_1_13' title='bbox 809 368 925 424; x_wconf 80' lang='lat' dir='ltr'>pag.</span> <span class='ocrx_word' id='word_1_14' title='bbox 962 370 1186 412; x_wconf 80' lang='lat' dir='ltr'><strong>ccccv,</strong></span> <span class='ocrx_word' id='word_1_15' title='bbox 1221 364 1390 410; x_wconf 78' lang='grc' dir='ltr'>ΑΘΗ</span> <span class='ocrx_word' id='word_1_16' title='bbox 1413 366 1517 411; x_wconf 82' lang='grc' dir='ltr'>ΝΑ</span> <span class='ocrx_word' id='word_1_17' title='bbox 1540 365 1560 409; x_wconf 90' lang='lat'>1</span> <span class='ocrx_word' id='word_1_18' title='bbox 1584 364 1697 410; x_wconf 83' lang='grc' dir='ltr'>ΩΝ</span> <span class='ocrx_word' id='word_1_19' title='bbox 1741 368 1889 412; x_wconf 69' lang='grc' dir='ltr'>ΤΩΝ</span> <span class='ocrx_word' id='word_1_20' title='bbox 1929 368 2027 412; x_wconf 73' lang='lat' dir='ltr'>EN</span> 
     </span>
     <span class='ocr_line' id='line_1_4' title="bbox 455 431 1999 489; baseline 0.003 -10"><span class='ocrx_word' id='word_1_21' title='bbox 455 431 775 489; x_wconf 73' lang='grc' dir='ltr'>ΔΗΛΩι,</span> <span class='ocrx_word' id='word_1_22' title='bbox 814 431 866 479; x_wconf 83' lang='lat'>&amp;</span> <span class='ocrx_word' id='word_1_23' title='bbox 902 438 1304 488; x_wconf 80' lang='grc' dir='ltr'>,ΑΘΗΝΑῙΟΙΣ</span> <span class='ocrx_word' id='word_1_24' title='bbox 1340 437 1545 489; x_wconf 85' lang='grc' dir='ltr'>ΤΟΙΣ</span> <span class='ocrx_word' id='word_1_25' title='bbox 1579 441 1676 486; x_wconf 87' lang='lat' dir='ltr'>EN</span> <span class='ocrx_word' id='word_1_26' title='bbox 1711 440 1999 488; x_wconf 83' lang='grc' dir='ltr'>ΔΙ-ΙΛΩι.</span> 
     </span>
    </p>

    <p class='ocr_par' dir='ltr' id='par_1_2' title="bbox 301 502 2035 855">
     <span class='ocr_line' id='line_1_5' title="bbox 301 502 2028 577; baseline 0.002 -28"><span class='ocrx_word' id='word_1_27' title='bbox 301 502 580 556; x_wconf 70' lang='grc' dir='ltr'>ΠΥΑΙΩ</span> <span class='ocrx_word' id='word_1_28' title='bbox 602 513 647 557; x_wconf 87' lang='lat' dir='ltr'>N</span> <span class='ocrx_word' id='word_1_29' title='bbox 677 545 691 568; x_wconf 84' lang='lat'>,</span> <span class='ocrx_word' id='word_1_30' title='bbox 729 505 778 552; x_wconf 88' lang='lat' dir='ltr'>in</span> <span class='ocrx_word' id='word_1_31' title='bbox 810 505 984 557; x_wconf 80' lang='lat' dir='ltr'>Severi</span> <span class='ocrx_word' id='word_1_32' title='bbox 1021 522 1237 556; x_wconf 87' lang='lat' dir='ltr'>nummo</span> <span class='ocrx_word' id='word_1_33' title='bbox 1271 549 1285 571; x_wconf 80' lang='lat'>,</span> <span class='ocrx_word' id='word_1_34' title='bbox 1318 522 1346 556; x_wconf 82' lang='lat' dir='ltr'>e</span> <span class='ocrx_word' id='word_1_35' title='bbox 1394 509 1546 562; x_wconf 79' lang='lat' dir='ltr'>Gaza</span> <span class='ocrx_word' id='word_1_36' title='bbox 1581 507 1746 577; x_wconf 57' lang='lat' dir='ltr'>Regia</span> <span class='ocrx_word' id='word_1_37' title='bbox 1782 529 1792 556; x_wconf 81' lang='lat'>2</span> <span class='ocrx_word' id='word_1_38' title='bbox 1839 523 1944 575; x_wconf 86' lang='lat' dir='ltr'>quo</span> <span class='ocrx_word' id='word_1_39' title='bbox 1978 508 2028 555; x_wconf 90' lang='lat' dir='ltr'>in</span> 
     </span>
     <span class='ocr_line' id='line_1_6' title="bbox 450 575 2029 650; baseline 0.004 -26"><span class='ocrx_word' id='word_1_40' title='bbox 450 591 668 626; x_wconf 90' lang='lat' dir='ltr'>nummo</span> <span class='ocrx_word' id='word_1_41' title='bbox 714 575 811 629; x_wconf 88' lang='lat' dir='ltr'>stat</span> <span class='ocrx_word' id='word_1_42' title='bbox 849 578 1012 632; x_wconf 80' lang='lat' dir='ltr'>Pallas</span> <span class='ocrx_word' id='word_1_43' title='bbox 1045 603 1055 630; x_wconf 91' lang='lat'>:</span> <span class='ocrx_word' id='word_1_44' title='bbox 1089 581 1222 633; x_wconf 88' lang='lat' dir='ltr'>Item</span> <span class='ocrx_word' id='word_1_45' title='bbox 1252 582 1305 631; x_wconf 89' lang='lat' dir='ltr'>in</span> <span class='ocrx_word' id='word_1_46' title='bbox 1340 579 1622 633; x_wconf 76' lang='lat' dir='ltr'>Caracallae</span> <span class='ocrx_word' id='word_1_47' title='bbox 1644 622 1658 644; x_wconf 75' lang='lat'>‚</span> <span class='ocrx_word' id='word_1_48' title='bbox 1696 596 1814 629; x_wconf 84' lang='lat' dir='ltr'>cum</span> <span class='ocrx_word' id='word_1_49' title='bbox 1859 578 2029 650; x_wconf 76' lang='lat' dir='ltr'>effigie</span> 
     </span>
     <span class='ocr_line' id='line_1_7' title="bbox 452 647 2025 728; baseline 0.001 -27"><span class='ocrx_word' id='word_1_50' title='bbox 452 647 770 723; x_wconf 73' lang='lat' dir='ltr'>AEsculapii,</span> <span class='ocrx_word' id='word_1_51' title='bbox 795 653 933 726; x_wconf 83' lang='lat' dir='ltr'>apud</span> <span class='ocrx_word' id='word_1_52' title='bbox 953 655 1191 706; x_wconf 82' lang='lat' dir='ltr'>Patinum</span> <span class='ocrx_word' id='word_1_53' title='bbox 1211 699 1224 721; x_wconf 86' lang='lat'>,</span> <span class='ocrx_word' id='word_1_54' title='bbox 1260 672 1375 728; x_wconf 73' lang='lat' dir='ltr'>pag.</span> <span class='ocrx_word' id='word_1_55' title='bbox 1395 676 1521 726; x_wconf 82' lang='lat'><strong>309.</strong></span> <span class='ocrx_word' id='word_1_56' title='bbox 1559 656 1699 708; x_wconf 78' lang='lat' dir='ltr'>Haec</span> <span class='ocrx_word' id='word_1_57' title='bbox 1719 653 1871 726; x_wconf 78' lang='lat' dir='ltr'>Pylos</span> <span class='ocrx_word' id='word_1_58' title='bbox 1900 654 2025 705; x_wconf 84' lang='lat' dir='ltr'>Elia-</span> 
     </span>
     <span class='ocr_line' id='line_1_8' title="bbox 456 727 2035 802; baseline 0.001 -27"><span class='ocrx_word' id='word_1_59' title='bbox 456 743 515 775; x_wconf 85' lang='lat' dir='ltr'>ca</span> <span class='ocrx_word' id='word_1_60' title='bbox 533 727 806 792; x_wconf 64' lang='lat' dir='ltr'>,Nestoris</span> <span class='ocrx_word' id='word_1_61' title='bbox 823 730 1016 801; x_wconf 77' lang='lat' dir='ltr'>patria:</span> <span class='ocrx_word' id='word_1_62' title='bbox 1047 729 1111 780; x_wconf 89' lang='lat' dir='ltr'>de</span> <span class='ocrx_word' id='word_1_63' title='bbox 1140 748 1240 802; x_wconf 84' lang='lat' dir='ltr'>qua</span> <span class='ocrx_word' id='word_1_64' title='bbox 1266 730 1464 785; x_wconf 81' lang='lat' dir='ltr'>Plinius</span> <span class='ocrx_word' id='word_1_65' title='bbox 1492 729 1579 784; x_wconf 82' lang='lat' dir='ltr'>lib.</span> <span class='ocrx_word' id='word_1_66' title='bbox 1608 752 1625 783; x_wconf 93' lang='lat'>1</span> <span class='ocrx_word' id='word_1_67' title='bbox 1648 748 1695 781; x_wconf 82' lang='lat' dir='ltr'>v,</span> <span class='ocrx_word' id='word_1_68' title='bbox 1732 727 1846 781; x_wconf 70' lang='lat' dir='ltr'>sect.</span> <span class='ocrx_word' id='word_1_69' title='bbox 1873 748 1902 781; x_wconf 88' lang='lat' dir='ltr'><strong>v</strong></span> <span class='ocrx_word' id='word_1_70' title='bbox 1922 750 1954 781; x_wconf 90' lang='lat'>1.</span> <span class='ocrx_word' id='word_1_71' title='bbox 1983 729 2035 778; x_wconf 86' lang='lat' dir='ltr'>in</span> 
     </span>
     <span class='ocr_line' id='line_1_9' title="bbox 453 801 836 855; baseline 0.01 -4"><span class='ocrx_word' id='word_1_72' title='bbox 453 801 836 855; x_wconf 69' lang='lat' dir='ltr'>Pelooonneso.</span> 
     </span>
    </p>

    <p class='ocr_par' dir='ltr' id='par_1_3' title="bbox 381 878 2033 954">
     <span class='ocr_line' id='line_1_10' title="bbox 381 878 2033 954; baseline -0.002 -25"><span class='ocrx_word' id='word_1_73' title='bbox 381 884 489 930; x_wconf 84' lang='grc' dir='ltr'>ΠΥ</span> <span class='ocrx_word' id='word_1_74' title='bbox 504 888 587 932; x_wconf 85' lang='grc' dir='ltr'>ΑΙ</span> <span class='ocrx_word' id='word_1_75' title='bbox 609 890 658 935; x_wconf 76' lang='grc' dir='ltr'>Ω</span> <span class='ocrx_word' id='word_1_76' title='bbox 679 892 724 935; x_wconf 83' lang='lat' dir='ltr'>N</span> <span class='ocrx_word' id='word_1_77' title='bbox 739 923 752 943; x_wconf 85' lang='lat'>,</span> <span class='ocrx_word' id='word_1_78' title='bbox 773 897 823 929; x_wconf 77' lang='lat' dir='ltr'>in</span> <span class='ocrx_word' id='word_1_79' title='bbox 856 882 1076 930; x_wconf 88' lang='lat' dir='ltr'>nummis</span> <span class='ocrx_word' id='word_1_80' title='bbox 1099 883 1289 932; x_wconf 84' lang='lat' dir='ltr'>veteris</span> <span class='ocrx_word' id='word_1_81' title='bbox 1309 881 1528 934; x_wconf 79' lang='lat' dir='ltr'>Graeciae</span> <span class='ocrx_word' id='word_1_82' title='bbox 1544 925 1558 945; x_wconf 84' lang='lat'>,</span> <span class='ocrx_word' id='word_1_83' title='bbox 1578 880 1715 954; x_wconf 78' lang='lat' dir='ltr'>apud</span> <span class='ocrx_word' id='word_1_84' title='bbox 1735 878 2033 943; x_wconf 84' lang='lat' dir='ltr'>Goltzium‚</span> 
     </span>
    </p>

    <p class='ocr_par' dir='ltr' id='par_1_4' title="bbox 460 952 2042 1778">
     <span class='ocr_line' id='line_1_11' title="bbox 462 952 2034 1028; baseline 0.002 -26"><span class='ocrx_word' id='word_1_85' title='bbox 462 953 566 1004; x_wconf 74' lang='lat' dir='ltr'>tab.</span> <span class='ocrx_word' id='word_1_86' title='bbox 597 972 643 1003; x_wconf 73' lang='lat' dir='ltr'>x,</span> <span class='ocrx_word' id='word_1_87' title='bbox 683 972 816 1023; x_wconf 76' lang='lat' dir='ltr'>quos</span> <span class='ocrx_word' id='word_1_88' title='bbox 846 952 911 1004; x_wconf 81' lang='lat' dir='ltr'>ad</span> <span class='ocrx_word' id='word_1_89' title='bbox 945 952 1082 1005; x_wconf 77' lang='lat' dir='ltr'>hanc</span> <span class='ocrx_word' id='word_1_90' title='bbox 1109 973 1326 1028; x_wconf 84' lang='lat' dir='ltr'>quoque</span> <span class='ocrx_word' id='word_1_91' title='bbox 1367 956 1550 1028; x_wconf 83' lang='lat' dir='ltr'>Pylum</span> <span class='ocrx_word' id='word_1_92' title='bbox 1583 954 1761 1008; x_wconf 81' lang='lat' dir='ltr'>referri</span> <span class='ocrx_word' id='word_1_93' title='bbox 1801 967 2034 1027; x_wconf 83' lang='lat' dir='ltr'>oportet.</span> 
     </span>
     <span class='ocr_line' id='line_1_12' title="bbox 462 1028 2030 1093; baseline 0.001 -16"><span class='ocrx_word' id='word_1_94' title='bbox 462 1029 521 1081; x_wconf 77' lang='lat' dir='ltr'>In</span> <span class='ocrx_word' id='word_1_95' title='bbox 555 1028 627 1078; x_wconf 65' lang='lat' dir='ltr'>his</span> <span class='ocrx_word' id='word_1_96' title='bbox 661 1031 849 1083; x_wconf 79' lang='lat' dir='ltr'>Dianae</span> <span class='ocrx_word' id='word_1_97' title='bbox 883 1044 1113 1081; x_wconf 73' lang='lat' dir='ltr'>cornutae</span> <span class='ocrx_word' id='word_1_98' title='bbox 1135 1072 1147 1093; x_wconf 85' lang='lat'>,</span> <span class='ocrx_word' id='word_1_99' title='bbox 1178 1029 1281 1083; x_wconf 77' lang='lat' dir='ltr'>sive</span> <span class='ocrx_word' id='word_1_100' title='bbox 1312 1033 1649 1084; x_wconf 75' lang='lat' dir='ltr'>Hammoniae</span> <span class='ocrx_word' id='word_1_101' title='bbox 1675 1028 2030 1082; x_wconf 75' lang='lat' dir='ltr'>simulacrum:</span> 
     </span>
     <span class='ocr_line' id='line_1_13' title="bbox 460 1101 2038 1179; baseline -0.002 -24"><span class='ocrx_word' id='word_1_102' title='bbox 460 1101 541 1155; x_wconf 79' lang='lat' dir='ltr'>vel</span> <span class='ocrx_word' id='word_1_103' title='bbox 576 1103 801 1156; x_wconf 73' lang='lat' dir='ltr'>Palladis</span> <span class='ocrx_word' id='word_1_104' title='bbox 832 1102 968 1156; x_wconf 79' lang='lat' dir='ltr'>forte</span> <span class='ocrx_word' id='word_1_105' title='bbox 1014 1105 1385 1179; x_wconf 78' lang='lat' dir='ltr'>Coryphafiae,</span> <span class='ocrx_word' id='word_1_106' title='bbox 1421 1124 1536 1178; x_wconf 79' lang='lat' dir='ltr'>quae</span> <span class='ocrx_word' id='word_1_107' title='bbox 1567 1106 1633 1157; x_wconf 82' lang='lat' dir='ltr'>fic</span> <span class='ocrx_word' id='word_1_108' title='bbox 1667 1119 1890 1156; x_wconf 85' lang='lat' dir='ltr'>cornuta.</span> <span class='ocrx_word' id='word_1_109' title='bbox 1922 1103 2038 1174; x_wconf 75' lang='lat' dir='ltr'>pin-</span> 
     </span>
     <span class='ocr_line' id='line_1_14' title="bbox 462 1176 2038 1253; baseline -0.001 -25"><span class='ocrx_word' id='word_1_110' title='bbox 462 1192 687 1248; x_wconf 68' lang='lat' dir='ltr'>geretur.</span> <span class='ocrx_word' id='word_1_111' title='bbox 724 1181 870 1233; x_wconf 85' lang='lat' dir='ltr'>Nam</span> <span class='ocrx_word' id='word_1_112' title='bbox 897 1177 1165 1232; x_wconf 70' lang='lat' dir='ltr'>Pausanias</span> <span class='ocrx_word' id='word_1_113' title='bbox 1193 1184 1244 1232; x_wconf 90' lang='lat' dir='ltr'>in</span> <span class='ocrx_word' id='word_1_114' title='bbox 1270 1180 1566 1236; x_wconf 75' lang='lat' dir='ltr'>Messenicis</span> <span class='ocrx_word' id='word_1_115' title='bbox 1586 1224 1599 1246; x_wconf 77' lang='lat'>‚</span> <span class='ocrx_word' id='word_1_116' title='bbox 1627 1197 1745 1253; x_wconf 69' lang='lat' dir='ltr'>pag.</span> <span class='ocrx_word' id='word_1_117' title='bbox 1779 1184 1901 1248; x_wconf 89' lang='lat'>146.</span> <span class='ocrx_word' id='word_1_118' title='bbox 1927 1176 2038 1247; x_wconf 90' lang='lat' dir='ltr'>PyIi</span> 
     </span>
     <span class='ocr_line' id='line_1_15' title="bbox 462 1249 2038 1327; baseline -0.002 -22"><span class='ocrx_word' id='word_1_119' title='bbox 462 1254 717 1307; x_wconf 70' lang='lat' dir='ltr'>Minervae</span> <span class='ocrx_word' id='word_1_120' title='bbox 748 1253 1001 1326; x_wconf 85' lang='lat' dir='ltr'>templum</span> <span class='ocrx_word' id='word_1_121' title='bbox 1047 1249 1194 1306; x_wconf 74' lang='lat' dir='ltr'>fuisse</span> <span class='ocrx_word' id='word_1_122' title='bbox 1228 1258 1336 1322; x_wconf 65' lang='lat' dir='ltr'>ait3</span> <span class='ocrx_word' id='word_1_123' title='bbox 1370 1270 1732 1327; x_wconf 75' lang='lat' dir='ltr'>cognomento</span> <span class='ocrx_word' id='word_1_124' title='bbox 1757 1250 2038 1325; x_wconf 74' lang='lat' dir='ltr'>Corypha-</span> 
     </span>
     <span class='ocr_line' id='line_1_16' title="bbox 463 1325 2036 1401; baseline 0.006 -23"><span class='ocrx_word' id='word_1_125' title='bbox 463 1325 560 1379; x_wconf 76' lang='lat' dir='ltr'>fiae.</span> <span class='ocrx_word' id='word_1_126' title='bbox 625 1330 863 1393; x_wconf 61' lang='lat' dir='ltr'>&#39;Er‘touffizc</span> <span class='ocrx_word' id='word_1_127' title='bbox 908 1328 1019 1396; x_wconf 61' lang='lat' dir='ltr'>stey&#39;v</span> <span class='ocrx_word' id='word_1_128' title='bbox 1063 1336 1156 1390; x_wconf 67' lang='grc' dir='ltr'>’ἐξ-ιν</span> <span class='ocrx_word' id='word_1_129' title='bbox 1196 1333 1412 1388; x_wconf 73' lang='grc' dir='ltr'>Ἀθζωὲἶς</span> <span class='ocrx_word' id='word_1_130' title='bbox 1447 1331 1680 1394; x_wconf 63' lang='grc' dir='ltr'>ἐπίκληστν</span> <span class='ocrx_word' id='word_1_131' title='bbox 1730 1327 2036 1401; x_wconf 55' lang='grc' dir='ltr'>Κορυφασίας·</span> 
     </span>
     <span class='ocr_line' id='line_1_17' title="bbox 462 1401 2040 1480; baseline -0.001 -24"><span class='ocrx_word' id='word_1_132' title='bbox 462 1401 721 1476; x_wconf 78' lang='lat' dir='ltr'><strong>Idemque</strong></span> <span class='ocrx_word' id='word_1_133' title='bbox 760 1408 812 1456; x_wconf 91' lang='lat' dir='ltr'>in</span> <span class='ocrx_word' id='word_1_134' title='bbox 841 1404 1001 1459; x_wconf 79' lang='lat' dir='ltr'>EliaC.</span> <span class='ocrx_word' id='word_1_135' title='bbox 1048 1409 1202 1475; x_wconf 89' lang='lat' dir='ltr'>prior.</span> <span class='ocrx_word' id='word_1_136' title='bbox 1246 1424 1366 1480; x_wconf 80' lang='lat' dir='ltr'>pag.</span> <span class='ocrx_word' id='word_1_137' title='bbox 1412 1414 1538 1475; x_wconf 76' lang='lat'>163.</span> <span class='ocrx_word' id='word_1_138' title='bbox 1581 1410 1650 1458; x_wconf 82' lang='lat' dir='ltr'>ait</span> <span class='ocrx_word' id='word_1_139' title='bbox 1688 1406 1841 1459; x_wconf 83' lang='lat' dir='ltr'>Eleos</span> <span class='ocrx_word' id='word_1_140' title='bbox 1883 1407 2040 1456; x_wconf 81' lang='lat' dir='ltr'>etiam</span> 
     </span>
     <span class='ocr_line' id='line_1_18' title="bbox 461 1477 2042 1556; baseline 0 -26"><span class='ocrx_word' id='word_1_141' title='bbox 461 1477 717 1531; x_wconf 84' lang='lat' dir='ltr'>Afrorum</span> <span class='ocrx_word' id='word_1_142' title='bbox 761 1498 954 1532; x_wconf 81' lang='lat' dir='ltr'>numen</span> <span class='ocrx_word' id='word_1_143' title='bbox 994 1481 1149 1553; x_wconf 52' lang='lat' dir='ltr'>H&#39;fjw</span> <span class='ocrx_word' id='word_1_144' title='bbox 1191 1484 1449 1553; x_wconf 64' lang='grc' dir='ltr'>Α’μμωγίοω</span> <span class='ocrx_word' id='word_1_145' title='bbox 1475 1483 1739 1556; x_wconf 75' lang='lat' dir='ltr'>junonem</span> <span class='ocrx_word' id='word_1_146' title='bbox 1774 1483 2042 1534; x_wconf 82' lang='lat' dir='ltr'>Hammo-</span> 
     </span>
     <span class='ocr_line' id='line_1_19' title="bbox 462 1552 2040 1629; baseline 0.001 -26"><span class='ocrx_word' id='word_1_147' title='bbox 462 1555 601 1604; x_wconf 83' lang='lat' dir='ltr'>niam</span> <span class='ocrx_word' id='word_1_148' title='bbox 632 1552 863 1609; x_wconf 81' lang='lat' dir='ltr'>coluisse.</span> <span class='ocrx_word' id='word_1_149' title='bbox 887 1559 946 1608; x_wconf 90' lang='lat' dir='ltr'>In</span> <span class='ocrx_word' id='word_1_150' title='bbox 975 1555 1151 1607; x_wconf 86' lang='lat' dir='ltr'>iisdem</span> <span class='ocrx_word' id='word_1_151' title='bbox 1181 1562 1408 1611; x_wconf 88' lang='lat' dir='ltr'>nummis</span> <span class='ocrx_word' id='word_1_152' title='bbox 1436 1565 1487 1611; x_wconf 66' lang='grc' dir='ltr'>ὅ(</span> <span class='ocrx_word' id='word_1_153' title='bbox 1524 1557 1618 1609; x_wconf 85' lang='lat' dir='ltr'>bos</span> <span class='ocrx_word' id='word_1_154' title='bbox 1640 1557 1870 1629; x_wconf 62' lang='lat' dir='ltr'>depictus</span> <span class='ocrx_word' id='word_1_155' title='bbox 1891 1598 1903 1620; x_wconf 91' lang='lat'>,</span> <span class='ocrx_word' id='word_1_156' title='bbox 1931 1572 2040 1625; x_wconf 87' lang='lat' dir='ltr'>quo</span> 
     </span>
     <span class='ocr_line' id='line_1_20' title="bbox 463 1627 2037 1704; baseline -0.003 -22"><span class='ocrx_word' id='word_1_157' title='bbox 463 1627 709 1682; x_wconf 84' lang='lat' dir='ltr'>Nestoris</span> <span class='ocrx_word' id='word_1_158' title='bbox 734 1627 927 1682; x_wconf 88' lang='lat' dir='ltr'>scilicet</span> <span class='ocrx_word' id='word_1_159' title='bbox 950 1647 1011 1681; x_wconf 89' lang='lat' dir='ltr'>ac</span> <span class='ocrx_word' id='word_1_160' title='bbox 1030 1630 1189 1685; x_wconf 87' lang='lat' dir='ltr'>Nelei</span> <span class='ocrx_word' id='word_1_161' title='bbox 1216 1629 1407 1699; x_wconf 76' lang='lat' dir='ltr'>boveS,</span> <span class='ocrx_word' id='word_1_162' title='bbox 1433 1648 1658 1704; x_wconf 83' lang='lat' dir='ltr'>quorum</span> <span class='ocrx_word' id='word_1_163' title='bbox 1680 1631 1750 1682; x_wconf 87' lang='lat' dir='ltr'>ibi</span> <span class='ocrx_word' id='word_1_164' title='bbox 1780 1627 2037 1684; x_wconf 83' lang='lat' dir='ltr'>stabulum</span> 
     </span>
     <span class='ocr_line' id='line_1_21' title="bbox 464 1700 1994 1778; baseline 0.002 -25"><span class='ocrx_word' id='word_1_165' title='bbox 464 1700 592 1769; x_wconf 80' lang='lat' dir='ltr'>fuit,</span> <span class='ocrx_word' id='word_1_166' title='bbox 633 1704 943 1758; x_wconf 88' lang='lat' dir='ltr'>indicantur.</span> <span class='ocrx_word' id='word_1_167' title='bbox 981 1704 1120 1757; x_wconf 84' lang='lat' dir='ltr'>Vide</span> <span class='ocrx_word' id='word_1_168' title='bbox 1150 1707 1364 1760; x_wconf 83' lang='lat' dir='ltr'>Pausan.</span> <span class='ocrx_word' id='word_1_169' title='bbox 1401 1711 1452 1757; x_wconf 88' lang='lat' dir='ltr'>in</span> <span class='ocrx_word' id='word_1_170' title='bbox 1481 1705 1703 1762; x_wconf 78' lang='lat' dir='ltr'>Meffen.</span> <span class='ocrx_word' id='word_1_171' title='bbox 1730 1722 1846 1778; x_wconf 83' lang='lat' dir='ltr'>pag.</span> <span class='ocrx_word' id='word_1_172' title='bbox 1877 1723 1935 1772; x_wconf 82' lang='lat'>14</span> <span class='ocrx_word' id='word_1_173' title='bbox 1949 1709 1994 1757; x_wconf 87' lang='lat'>6.</span> 
     </span>
    </p>

    <p class='ocr_par' dir='ltr' id='par_1_5' title="bbox 316 1777 2045 2211">
     <span class='ocr_line' id='line_1_22' title="bbox 316 1777 2036 1847; baseline 0 -16"><span class='ocrx_word' id='word_1_174' title='bbox 316 1782 783 1841; x_wconf 82' lang='grc' dir='ltr'>ΠΥΤΕΟΛΗΣ</span> <span class='ocrx_word' id='word_1_175' title='bbox 807 1824 819 1847; x_wconf 86' lang='lat'>,</span> <span class='ocrx_word' id='word_1_176' title='bbox 863 1786 914 1834; x_wconf 82' lang='lat'>&amp;</span> <span class='ocrx_word' id='word_1_177' title='bbox 949 1790 1531 1839; x_wconf 84' lang='grc' dir='ltr'>ΠΥΤΕΟΛΙΤΩΝ.</span> <span class='ocrx_word' id='word_1_178' title='bbox 1576 1783 1801 1834; x_wconf 82' lang='lat' dir='ltr'>Nummi</span> <span class='ocrx_word' id='word_1_179' title='bbox 1831 1796 1858 1830; x_wconf 86' lang='lat' dir='ltr'>e</span> <span class='ocrx_word' id='word_1_180' title='bbox 1888 1777 2036 1831; x_wconf 81' lang='lat' dir='ltr'>The-</span> 
     </span>
     <span class='ocr_line' id='line_1_23' title="bbox 462 1853 2035 1930; baseline -0.001 -25"><span class='ocrx_word' id='word_1_181' title='bbox 462 1853 610 1906; x_wconf 82' lang='lat' dir='ltr'>sauro</span> <span class='ocrx_word' id='word_1_182' title='bbox 639 1856 841 1909; x_wconf 86' lang='lat' dir='ltr'>Goltzii</span> <span class='ocrx_word' id='word_1_183' title='bbox 865 1898 879 1921; x_wconf 82' lang='lat'>,</span> <span class='ocrx_word' id='word_1_184' title='bbox 909 1873 1026 1929; x_wconf 77' lang='lat' dir='ltr'>pag.</span> <span class='ocrx_word' id='word_1_185' title='bbox 1053 1877 1158 1927; x_wconf 82' lang='lat'><em>229.</em></span> <span class='ocrx_word' id='word_1_186' title='bbox 1193 1863 1245 1909; x_wconf 64' lang='lat' dir='ltr'>&amp;c</span> <span class='ocrx_word' id='word_1_187' title='bbox 1263 1859 1313 1908; x_wconf 88' lang='lat' dir='ltr'>in</span> <span class='ocrx_word' id='word_1_188' title='bbox 1341 1859 1538 1930; x_wconf 77' lang='lat' dir='ltr'>Magna</span> <span class='ocrx_word' id='word_1_189' title='bbox 1557 1853 1784 1926; x_wconf 85' lang='lat' dir='ltr'>ejusdem</span> <span class='ocrx_word' id='word_1_190' title='bbox 1808 1855 2035 1919; x_wconf 78' lang='lat' dir='ltr'>Graecia,</span> 
     </span>
     <span class='ocr_line' id='line_1_24' title="bbox 465 1930 2042 1995; baseline -0.001 -16"><span class='ocrx_word' id='word_1_191' title='bbox 465 1930 573 1982; x_wconf 85' lang='lat' dir='ltr'>tab.</span> <span class='ocrx_word' id='word_1_192' title='bbox 603 1949 680 1982; x_wconf 83' lang='lat' dir='ltr'>xv</span> <span class='ocrx_word' id='word_1_193' title='bbox 699 1954 736 1985; x_wconf 92' lang='lat'>1.</span> <span class='ocrx_word' id='word_1_194' title='bbox 770 1932 830 1981; x_wconf 90' lang='lat' dir='ltr'>In</span> <span class='ocrx_word' id='word_1_195' title='bbox 859 1930 935 1980; x_wconf 91' lang='lat' dir='ltr'>his</span> <span class='ocrx_word' id='word_1_196' title='bbox 954 1931 1293 1983; x_wconf 84' lang='lat' dir='ltr'>Minotaurus</span> <span class='ocrx_word' id='word_1_197' title='bbox 1326 1937 1378 1985; x_wconf 73' lang='grc' dir='ltr'>ὅ(</span> <span class='ocrx_word' id='word_1_198' title='bbox 1410 1935 1586 1987; x_wconf 78' lang='lat' dir='ltr'>Diana</span> <span class='ocrx_word' id='word_1_199' title='bbox 1607 1973 1619 1995; x_wconf 80' lang='lat'>‚</span> <span class='ocrx_word' id='word_1_200' title='bbox 1654 1945 1711 1981; x_wconf 89' lang='lat' dir='ltr'>ut</span> <span class='ocrx_word' id='word_1_201' title='bbox 1738 1931 1790 1981; x_wconf 91' lang='lat' dir='ltr'>in</span> <span class='ocrx_word' id='word_1_202' title='bbox 1818 1931 2042 1980; x_wconf 86' lang='lat' dir='ltr'>nummis</span> 
     </span>
     <span class='ocr_line' id='line_1_25' title="bbox 463 2001 2045 2076; baseline -0.001 -19"><span class='ocrx_word' id='word_1_203' title='bbox 463 2004 965 2076; x_wconf 79' lang='lat' dir='ltr'>Neapolitanorum.</span> <span class='ocrx_word' id='word_1_204' title='bbox 1003 2003 1172 2058; x_wconf 88' lang='lat' dir='ltr'>Plinio</span> <span class='ocrx_word' id='word_1_205' title='bbox 1205 2049 1220 2073; x_wconf 85' lang='lat'>,</span> <span class='ocrx_word' id='word_1_206' title='bbox 1264 2005 1352 2060; x_wconf 88' lang='lat' dir='ltr'>lib.</span> <span class='ocrx_word' id='word_1_207' title='bbox 1403 2028 1518 2061; x_wconf 89' lang='lat'>111.</span> <span class='ocrx_word' id='word_1_208' title='bbox 1559 2006 1672 2058; x_wconf 72' lang='lat' dir='ltr'>sect.</span> <span class='ocrx_word' id='word_1_209' title='bbox 1718 2024 1802 2059; x_wconf 76' lang='lat' dir='ltr'>ix,</span> <span class='ocrx_word' id='word_1_210' title='bbox 1847 2001 2045 2060; x_wconf 75' lang='lat' dir='ltr'>Puteoli</span> 
     </span>
     <span class='ocr_line' id='line_1_26' title="bbox 463 2079 2044 2153; baseline -0.001 -22"><span class='ocrx_word' id='word_1_211' title='bbox 463 2083 565 2131; x_wconf 65' lang='lat' dir='ltr'>&amp;o</span> <span class='ocrx_word' id='word_1_212' title='bbox 584 2082 646 2132; x_wconf 87' lang='lat' dir='ltr'>In</span> <span class='ocrx_word' id='word_1_213' title='bbox 679 2083 972 2153; x_wconf 78' lang='lat' dir='ltr'>Campania.</span> <span class='ocrx_word' id='word_1_214' title='bbox 994 2081 1280 2151; x_wconf 41' lang='lat' dir='ltr'>pagg-uolo:</span> <span class='ocrx_word' id='word_1_215' title='bbox 1312 2082 1498 2135; x_wconf 88' lang='lat' dir='ltr'>nostris</span> <span class='ocrx_word' id='word_1_216' title='bbox 1525 2079 1733 2151; x_wconf 53' lang='lat' dir='ltr'>Pouzol.</span> <span class='ocrx_word' id='word_1_217' title='bbox 1757 2079 1893 2135; x_wconf 82' lang='lat' dir='ltr'>Vide</span> <span class='ocrx_word' id='word_1_218' title='bbox 1918 2079 2044 2134; x_wconf 91' lang='lat' dir='ltr'>No-</span> 
     </span>
     <span class='ocr_line' id='line_1_27' title="bbox 462 2154 898 2211; baseline 0.016 -7"><span class='ocrx_word' id='word_1_219' title='bbox 462 2167 539 2205; x_wconf 80' lang='lat' dir='ltr'>tas</span> <span class='ocrx_word' id='word_1_220' title='bbox 571 2157 623 2206; x_wconf 92' lang='lat' dir='ltr'>in</span> <span class='ocrx_word' id='word_1_221' title='bbox 657 2154 898 2211; x_wconf 82' lang='lat' dir='ltr'>Plinium.</span> 
     </span>
    </p>
   </div>
   <div class='ocr_carea' id='block_1_2' title="bbox 318 2298 2060 2462">
    <p class='ocr_par' dir='ltr' id='par_1_6' title="bbox 318 2298 2060 2462">
     <span class='ocr_line' id='line_1_28' title="bbox 318 2298 2060 2462; baseline -0.001 -26"><span class='ocrx_word' id='word_1_222' title='bbox 318 2298 882 2462; x_wconf 66' lang='lat' dir='ltr'><strong>QVRAEDXLQV</strong></span> <span class='ocrx_word' id='word_1_223' title='bbox 898 2383 943 2435; x_wconf 90' lang='lat' dir='ltr'><strong>A</strong></span> <span class='ocrx_word' id='word_1_224' title='bbox 964 2385 1057 2438; x_wconf 90' lang='lat' dir='ltr'>DI</span> <span class='ocrx_word' id='word_1_225' title='bbox 1076 2385 1106 2437; x_wconf 91' lang='lat' dir='ltr'>S</span> <span class='ocrx_word' id='word_1_226' title='bbox 1151 2383 1205 2436; x_wconf 94' lang='lat' dir='ltr'>D</span> <span class='ocrx_word' id='word_1_227' title='bbox 1229 2383 1342 2436; x_wconf 90' lang='lat' dir='ltr'>AT</span> <span class='ocrx_word' id='word_1_228' title='bbox 1358 2384 1404 2435; x_wconf 91' lang='lat' dir='ltr'>V</span> <span class='ocrx_word' id='word_1_229' title='bbox 1423 2385 1473 2436; x_wconf 87' lang='lat' dir='ltr'>S.</span> <span class='ocrx_word' id='word_1_230' title='bbox 1509 2383 1765 2433; x_wconf 80' lang='lat' dir='ltr'>Antonini</span> <span class='ocrx_word' id='word_1_231' title='bbox 1790 2382 1862 2435; x_wconf 86' lang='lat' dir='ltr'>Pii</span> <span class='ocrx_word' id='word_1_232' title='bbox 1887 2389 2060 2434; x_wconf 73' lang='lat' dir='ltr'>num-⁴</span> 
     </span>
    </p>
   </div>
   <div class='ocr_carea' id='block_1_3' title="bbox 460 2455 2065 3057">
    <p class='ocr_par' dir='ltr' id='par_1_7' title="bbox 460 2455 2065 3057">
     <span class='ocr_line' id='line_1_29' title="bbox 465 2455 2040 2530; baseline 0.005 -25"><span class='ocrx_word' id='word_1_233' title='bbox 465 2474 578 2506; x_wconf 83' lang='lat' dir='ltr'>mus</span> <span class='ocrx_word' id='word_1_234' title='bbox 613 2473 641 2507; x_wconf 86' lang='lat' dir='ltr'>e</span> <span class='ocrx_word' id='word_1_235' title='bbox 674 2456 902 2509; x_wconf 86' lang='lat' dir='ltr'>Cimclio</span> <span class='ocrx_word' id='word_1_236' title='bbox 932 2461 1138 2530; x_wconf 74' lang='lat' dir='ltr'>Regio,</span> <span class='ocrx_word' id='word_1_237' title='bbox 1172 2462 1225 2510; x_wconf 85' lang='lat'>&amp;</span> <span class='ocrx_word' id='word_1_238' title='bbox 1262 2455 1404 2530; x_wconf 85' lang='lat' dir='ltr'>apud</span> <span class='ocrx_word' id='word_1_239' title='bbox 1434 2459 1716 2510; x_wconf 85' lang='lat' dir='ltr'>Occonem</span> <span class='ocrx_word' id='word_1_240' title='bbox 1752 2473 1869 2528; x_wconf 80' lang='lat' dir='ltr'>pag.</span> <span class='ocrx_word' id='word_1_241' title='bbox 1905 2479 1929 2510; x_wconf 90' lang='lat'><em>2</em></span> <span class='ocrx_word' id='word_1_242' title='bbox 1950 2480 1969 2529; x_wconf 83' lang='lat'>5</span> <span class='ocrx_word' id='word_1_243' title='bbox 1991 2479 2040 2525; x_wconf 78' lang='lat'>3.</span> 
     </span>
     <span class='ocr_line' id='line_1_30' title="bbox 464 2530 2045 2603; baseline 0.002 -19"><span class='ocrx_word' id='word_1_244' title='bbox 464 2531 854 2603; x_wconf 78' lang='lat' dir='ltr'>Regnumillud</span> <span class='ocrx_word' id='word_1_245' title='bbox 872 2534 1203 2585; x_wconf 81' lang='lat' dir='ltr'>Vannianum</span> <span class='ocrx_word' id='word_1_246' title='bbox 1234 2532 1336 2598; x_wconf 81' lang='lat' dir='ltr'>est,</span> <span class='ocrx_word' id='word_1_247' title='bbox 1365 2532 1430 2582; x_wconf 91' lang='lat' dir='ltr'>de</span> <span class='ocrx_word' id='word_1_248' title='bbox 1462 2550 1569 2603; x_wconf 86' lang='lat' dir='ltr'>quo</span> <span class='ocrx_word' id='word_1_249' title='bbox 1600 2530 1792 2584; x_wconf 78' lang='lat' dir='ltr'>Plinius</span> <span class='ocrx_word' id='word_1_250' title='bbox 1812 2574 1826 2596; x_wconf 79' lang='lat'>‚</span> <span class='ocrx_word' id='word_1_251' title='bbox 1853 2532 2045 2588; x_wconf 72' lang='lat' dir='ltr'>lib.1v.</span> 
     </span>
     <span class='ocr_line' id='line_1_31' title="bbox 464 2604 2049 2682; baseline 0.001 -25"><span class='ocrx_word' id='word_1_252' title='bbox 464 2604 582 2658; x_wconf 66' lang='lat' dir='ltr'>sect.</span> <span class='ocrx_word' id='word_1_253' title='bbox 623 2622 760 2659; x_wconf 78' lang='lat' dir='ltr'><strong>xxv,</strong></span> <span class='ocrx_word' id='word_1_254' title='bbox 807 2606 953 2660; x_wconf 85' lang='lat' dir='ltr'>Gens</span> <span class='ocrx_word' id='word_1_255' title='bbox 989 2607 1095 2681; x_wconf 73' lang='lat' dir='ltr'>ipsa</span> <span class='ocrx_word' id='word_1_256' title='bbox 1126 2607 1437 2682; x_wconf 80' lang='lat' dir='ltr'>Qdorum</span> <span class='ocrx_word' id='word_1_257' title='bbox 1476 2606 1643 2673; x_wconf 61' lang='lat' dir='ltr'>dicta,</span> <span class='ocrx_word' id='word_1_258' title='bbox 1674 2619 1729 2656; x_wconf 88' lang='lat' dir='ltr'>ut</span> <span class='ocrx_word' id='word_1_259' title='bbox 1757 2604 1955 2658; x_wconf 81' lang='lat' dir='ltr'>ibidem</span> <span class='ocrx_word' id='word_1_260' title='bbox 1985 2625 2049 2660; x_wconf 81' lang='lat' dir='ltr'>ex</span> 
     </span>
     <span class='ocr_line' id='line_1_32' title="bbox 464 2679 2042 2754; baseline 0 -21"><span class='ocrx_word' id='word_1_261' title='bbox 464 2681 656 2733; x_wconf 83' lang='lat' dir='ltr'>Tacito</span> <span class='ocrx_word' id='word_1_262' title='bbox 676 2681 1044 2736; x_wconf 87' lang='lat' dir='ltr'>indicavimus:</span> <span class='ocrx_word' id='word_1_263' title='bbox 1065 2681 1153 2734; x_wconf 89' lang='lat' dir='ltr'>ubi</span> <span class='ocrx_word' id='word_1_264' title='bbox 1185 2699 1324 2732; x_wconf 89' lang='lat' dir='ltr'>nunc</span> <span class='ocrx_word' id='word_1_265' title='bbox 1353 2684 1594 2735; x_wconf 83' lang='lat' dir='ltr'>Moravia</span> <span class='ocrx_word' id='word_1_266' title='bbox 1627 2679 1716 2733; x_wconf 88' lang='lat' dir='ltr'>est.</span> <span class='ocrx_word' id='word_1_267' title='bbox 1741 2682 1843 2734; x_wconf 85' lang='lat' dir='ltr'>His</span> <span class='ocrx_word' id='word_1_268' title='bbox 1864 2698 2042 2754; x_wconf 77' lang='lat' dir='ltr'>regem</span> 
     </span>
     <span class='ocr_line' id='line_1_33' title="bbox 465 2754 2043 2828; baseline 0.001 -21"><span class='ocrx_word' id='word_1_269' title='bbox 465 2772 579 2807; x_wconf 89' lang='lat' dir='ltr'>non</span> <span class='ocrx_word' id='word_1_270' title='bbox 606 2757 908 2808; x_wconf 86' lang='lat' dir='ltr'>Antoninus</span> <span class='ocrx_word' id='word_1_271' title='bbox 935 2756 1099 2809; x_wconf 87' lang='lat' dir='ltr'>modo</span> <span class='ocrx_word' id='word_1_272' title='bbox 1119 2801 1132 2825; x_wconf 80' lang='lat'>,</span> <span class='ocrx_word' id='word_1_273' title='bbox 1174 2754 1262 2808; x_wconf 84' lang='lat' dir='ltr'>sed</span> <span class='ocrx_word' id='word_1_274' title='bbox 1290 2762 1340 2810; x_wconf 70' lang='grc' dir='ltr'>ὃ(</span> <span class='ocrx_word' id='word_1_275' title='bbox 1370 2757 1580 2809; x_wconf 85' lang='lat' dir='ltr'>Marcus</span> <span class='ocrx_word' id='word_1_276' title='bbox 1607 2754 1785 2808; x_wconf 83' lang='lat' dir='ltr'>dedit:</span> <span class='ocrx_word' id='word_1_277' title='bbox 1811 2755 1864 2806; x_wconf 90' lang='lat' dir='ltr'>id</span> <span class='ocrx_word' id='word_1_278' title='bbox 1895 2757 2043 2828; x_wconf 90' lang='lat' dir='ltr'>quod</span> 
     </span>
     <span class='ocr_line' id='line_1_34' title="bbox 467 2828 2049 2905; baseline -0.001 -21"><span class='ocrx_word' id='word_1_279' title='bbox 467 2830 804 2902; x_wconf 83' lang='lat' dir='ltr'>Capitolinus</span> <span class='ocrx_word' id='word_1_280' title='bbox 829 2834 880 2882; x_wconf 89' lang='lat' dir='ltr'>in</span> <span class='ocrx_word' id='word_1_281' title='bbox 908 2835 1014 2900; x_wconf 73' lang='lat' dir='ltr'>ejus</span> <span class='ocrx_word' id='word_1_282' title='bbox 1039 2836 1143 2884; x_wconf 84' lang='lat' dir='ltr'>vita</span> <span class='ocrx_word' id='word_1_283' title='bbox 1169 2831 1380 2905; x_wconf 77' lang='lat' dir='ltr'>prodit,</span> <span class='ocrx_word' id='word_1_284' title='bbox 1405 2848 1524 2903; x_wconf 74' lang='lat' dir='ltr'>pag.</span> <span class='ocrx_word' id='word_1_285' title='bbox 1558 2836 1631 2884; x_wconf 83' lang='lat'>28.</span> <span class='ocrx_word' id='word_1_286' title='bbox 1674 2828 1850 2902; x_wconf 73' lang='lat' dir='ltr'>Qadz&#39;</span> <span class='ocrx_word' id='word_1_287' title='bbox 1879 2846 2049 2884; x_wconf 74' lang='lat' dir='ltr'>autem</span> 
     </span>
     <span class='ocr_line' id='line_1_35' title="bbox 462 2902 2065 2979; baseline 0 -22"><span class='ocrx_word' id='word_1_288' title='bbox 462 2902 629 2974; x_wconf 73' lang='lat' dir='ltr'>amtffi</span> <span class='ocrx_word' id='word_1_289' title='bbox 658 2924 762 2979; x_wconf 74' lang='lat' dir='ltr'>rege</span> <span class='ocrx_word' id='word_1_290' title='bbox 785 2906 864 2973; x_wconf 74' lang='lat' dir='ltr'>fico</span> <span class='ocrx_word' id='word_1_291' title='bbox 889 2947 907 2970; x_wconf 83' lang='lat'>,</span> <span class='ocrx_word' id='word_1_292' title='bbox 948 2926 1039 2960; x_wconf 86' lang='lat' dir='ltr'>non</span> <span class='ocrx_word' id='word_1_293' title='bbox 1055 2915 1191 2976; x_wconf 80' lang='lat' dir='ltr'>prius</span> <span class='ocrx_word' id='word_1_294' title='bbox 1216 2906 1262 2975; x_wconf 73' lang='lat' dir='ltr'>se</span> <span class='ocrx_word' id='word_1_295' title='bbox 1293 2905 1655 2975; x_wconf 75' lang='lat' dir='ltr'>confirmaturos</span> <span class='ocrx_word' id='word_1_296' title='bbox 1686 2925 1791 2957; x_wconf 86' lang='lat' dir='ltr'>eum</span> <span class='ocrx_word' id='word_1_297' title='bbox 1819 2911 1908 2976; x_wconf 77' lang='lat' dir='ltr'>qui</span> <span class='ocrx_word' id='word_1_298' title='bbox 1932 2921 2065 2958; x_wconf 73' lang='lat' dir='ltr'>erat‘</span> 
     </span>
     <span class='ocr_line' id='line_1_36' title="bbox 460 2973 2039 3057; baseline 0.003 -25"><span class='ocrx_word' id='word_1_299' title='bbox 460 2995 653 3052; x_wconf 50' lang='lat' dir='ltr'>‚oreatus</span> <span class='ocrx_word' id='word_1_300' title='bbox 667 2974 896 3046; x_wconf 52' lang='lat' dir='ltr'>dicebdnt</span> <span class='ocrx_word' id='word_1_301' title='bbox 909 3026 927 3051; x_wconf 82' lang='lat'><em>,</em></span> <span class='ocrx_word' id='word_1_302' title='bbox 952 3001 1107 3056; x_wconf 78' lang='lat' dir='ltr'>quam</span> <span class='ocrx_word' id='word_1_303' title='bbox 1133 2981 1191 3036; x_wconf 80' lang='lat' dir='ltr'>id</span> <span class='ocrx_word' id='word_1_304' title='bbox 1206 2973 1629 3057; x_wconf 59' lang='lat' dir='ltr'>hqstrisplacuzffit</span> <span class='ocrx_word' id='word_1_305' title='bbox 1653 2978 2039 3052; x_wconf 71' lang='lat' dir='ltr'>imperatoribus.</span> 
     </span>
    </p>
   </div>
   <div class='ocr_carea' id='block_1_4' title="bbox 1989 3132 2046 3194">
    <p class='ocr_par' dir='ltr' id='par_1_8' title="bbox 1989 3132 2046 3194">
     <span class='ocr_line' id='line_1_37' title="bbox 1989 3132 2046 3194; baseline 0 0"><span class='ocrx_word' id='word_1_306' title='bbox 1989 3132 2046 3194; x_wconf 73' lang='grc' dir='ltr'>Β,</span> 
     </span>
    </p>
   </div>
  </div>
 </body>
</html>
