2228 3428
301 200 407 253 288
751 199 1685 278 NUMMIANTIQUI

457 287 574 325 eum
603 272 854 327 Goltzius
880 277 932 327 in
952 274 1220 329 Thesauro
1239 321 1253 343 ,
1274 294 1391 350 pag.
1414 297 1517 331 220.
1540 285 1590 329 &
1609 281 1660 328 in
1690 274 1864 330 insulis
1879 277 2027 330 Grae-

457 347 575 412 ciae,
599 347 729 402 Tab.
765 367 814 402 v,
838 350 1146 424 Apollinem
1164 370 1281 404 cum
1311 350 1421 423 lyra
1451 349 1689 423 praefert:
1718 352 1786 403 de
1810 371 1915 423 quo
1948 354 2024 402 vi-

456 419 523 472 de
551 439 665 493 quae
696 422 916 477 diximus
944 428 997 476 in
1027 431 1245 478 nummis
1277 437 1437 483 ΚΥΔ
1456 439 1491 482 Α
1509 438 1530 480 Ι
1551 437 1600 482 Ω
1619 440 1677 482 N.
1703 427 1912 478 Gruteri
1935 443 2021 476 ve-

456 509 537 546 tus
563 496 831 572 inscriptio
849 544 862 564 ‚
891 517 1006 573 pag.
1036 523 1077 558 M
1096 522 1182 560 xc
1201 524 1231 556 1.
1274 512 1317 557 A
1335 511 1439 560 ΛΠ
1460 510 1508 556 Π
1526 512 1602 557 ΑΙ
1623 513 1673 559 Ω
1691 514 1749 557 Ν.
1791 514 1838 557 Η
1898 512 2019 559 ΠΟ-

454 581 611 629 AIC.
654 573 966 629 Coliceffam
999 579 1054 628 iis
1083 578 1148 629 ab
1181 579 1418 650 Augusto
1457 573 1660 628 Caestire
1699 574 2026 643 libertatem,

451 645 840 720 instaurataque
870 653 1064 703 moenia
1097 653 1254 703 refert
1286 654 1397 705 Dio
1416 695 1428 715 ‚
1457 650 1590 702 libro
1619 669 1699 704 Lx.

307 718 353 771 L
373 716 418 769 A
435 722 487 774 R
508 723 527 773 I
551 724 580 776 S
603 724 633 775 S
655 723 703 775 A
733 721 1009 793 Thffzliae.
1044 726 1214 780 Plinio
1235 771 1248 792 ‚
1282 725 1368 781 lib.
1399 747 1415 778 1
1437 744 1484 778 v.
1521 725 1634 778 feel.
1662 743 1695 775 x
1716 744 1761 776 v.
1790 721 2010 795 Larlffit.

380 802 547 854 AAP.
584 806 946 861 ΛΑΡΙΣΣΑ
977 847 991 869 ,
1038 806 1091 853 &
1127 809 1677 861 ΛΑΡΙΣΣΑΙΩΝ
1706 843 1720 865 ,
1763 817 1879 851 cum
1904 801 2029 872 equi

465 870 668 942 effigie,
693 875 742 924 in
770 876 977 928 Graecia
1006 890 1180 928 vetere
1212 876 1420 929 Goltzii
1444 919 1458 941 ‚
1486 876 1642 928 Tab.
1674 893 1766 927 xx,

381 954 429 1004 A
443 956 481 1003 A
500 960 533 1002 P
551 958 572 1001 I
594 954 636 1006 Σ
654 956 699 1009 Σ
717 962 755 1006 A
775 961 798 1005 Ι
816 961 867 1007 Ω
884 963 945 1007 N.
976 952 1017 1003 E
1044 949 1233 1003 Museo
1251 950 1428 1003 nostro
1446 992 1460 1015 ‚
1492 967 1609 1000 cum
1633 952 1754 1020 equi
1776 946 2028 1022 pascentis

461 1020 648 1094 effigie.
674 1025 838 1100 Qd
862 1019 1046 1098 pascua
1073 1027 1218 1097 equis
1246 1022 1444 1076 alendis
1465 1023 1652 1075 idon-ea
1680 1030 1732 1076 &
1764 1023 2029 1106 opimaeibi

461 1095 610 1150 fuiss'e
628 1115 943 1174 argumento
963 1099 1052 1154 est.
1081 1102 1245 1153 Fuere
1272 1098 1398 1151 olim
1431 1095 1665 1150 Thessali
1688 1115 1807 1168 eqni
1831 1101 1882 1148 in
1911 1115 2029 1171 pre„

464 1173 564 1238 ti0,
587 1186 646 1224 ut
664 1176 844 1227 au&0r
866 1173 940 1227 est
964 1172 1184 1240 StrabO,
1214 1172 1302 1227 lib.
1340 1193 1369 1224 v
1387 1195 1403 1226 1
1425 1195 1442 1226 1
1462 1193 1498 1227 1.
1523 1189 1638 1244 pag.
1674 1177 1782 1242 388.
1820 1169 2030 1243 aliique.

465 1246 617 1299 Hinc
642 1250 862 1318 primum
887 1252 937 1300 in
960 1247 1215 1301 Theffalia
1253 1261 1429 1299 ortum
1469 1263 1665 1319 equum
1691 1246 1880 1300 fabula:
1914 1265 2031 1300 nar-

463 1336 601 1374 rant.
630 1322 898 1391 LucanuS,
930 1322 1020 1376 lib.
1054 1342 1085 1375 v
1104 1344 1142 1377 1.

544 1401 746 1449 Primus
772 1397 839 1449 ab
871 1418 1090 1470 aequerea
1111 1397 1329 1467 percuffis
1358 1397 1547 1468 cuspide
1561 1397 1707 1473 flexis

518 1497 522 1499 Δ
546 1468 849 1542 Thffzljcus
865 1474 1055 1548 sonipes
1070 1516 1085 1538 ,
1108 1468 1494 1542 bellzsft’ralibus
1521 1493 1682 1536 omen,

544 1548 760 1621 ,Exfiluit
784 1571 799 1599 .·
823 1557 1008 1618 primus
1034 1547 1281 1620 chalybem
1297 1591 1311 1613 ‚
1324 1549 1583 1622 frenosque
1615 1548 1905 1611 momordit,

540 1626 902 1697 Spumavitque
935 1633 1075 1678 novis
1103 1624 1340 1695 Lapithae
1365 1619 1606 1677 domueris
1639 1621 1856 1677 habenis.

464 1695 533 1749 Et
563 1699 794 1752 Medusae
820 1717 978 1775 caput
1005 1720 1244 1753 nummus
1274 1701 1408 1752 idem
1439 1701 1667 1774 praefert.

390 1779 441 1826 ,Α
457 1784 495 1829 Α
515 1786 549 1828 Ρ
565 1784 587 1829 I
607 1783 650 1834 Σ
669 1782 763 1834 ΣΑ
779 1787 802 1832 Ι
821 1788 860 1833 Α
881 1822 894 1845 ,
931 1795 1049 1828 cum
1081 1793 1222 1850 equo
1261 1791 1503 1827 currente
1532 1819 1547 1841 ,
1588 1779 1641 1827 ὃς
1683 1776 1794 1824 viro
1830 1787 2031 1826 taurum

470 1846 739 1904 domante.
781 1851 1001 1921 Plinius,
1030 1850 1120 1906 lib.
1155 1871 1314 1905 V111.
1351 1847 1464 1903 feei.
1504 1868 1658 1905 Lxx.
1694 1844 2036 1918 Theffizlorum

464 1931 618 1997 gentis
640 1931 894 1980 inventum
917 1930 1002 1996 est,
1031 1945 1150 1998 equo
1156 1930 1310 1996 juxta
1341 1924 1747 1996 quadrupedante
1763 1964 1779 1985 ,
1802 1943 1939 1978 cornu
1959 1932 2035 1980 in-

465 2013 599 2051 torta
623 2007 808 2054 cervice
843 2017 1007 2055 tauros
1034 2021 1236 2065 necare,
1275 2006 1377 2054 &a
1416 1999 1552 2054 Vide
1584 2018 1698 2073 quae
1732 1999 1952 2052 diximus
1979 2003 2035 2053 in

466 2073 710 2128 Plinianis
737 2079 876 2129 notis
903 2095 965 2130 ex
995 2076 1307 2150 Tranquillo
1331 2081 1382 2128 δὲ
1406 2078 1604 2130 Dione.

312 2153 516 2211 ,ΛΑΣΙ
534 2163 585 2210 Ω
603 2165 665 2210 N.
710 2155 978 2207 Nummus
1003 2170 1030 2205 e
1053 2150 1323 2206 Thesauro
1355 2151 1557 2204 Goltzii
1586 2195 1602 2217 ‚
1633 2167 1750 2224 pag.
1785 2168 1893 2206 no,
1930 2151 2034 2205 Pli-

464 2228 591 2294 nio,
625 2225 712 2281 lib.
751 2246 836 2281 iv,
868 2228 985 2282 sedc.
1027 2247 1124 2282 xx.
1159 2226 1335 2302 Lasos.
1379 2226 1660 2279 Hierocles
1682 2270 1698 2293 ,
1735 2228 1784 2277 in
1824 2228 2039 2280 Notitia

464 2299 660 2354 Eccles.
691 2304 937 2372 antiqua,
966 2305 1101 2354 inter
1124 2302 1265 2355 sedes
1296 2302 1470 2354 Cretae
1499 2301 1787 2353 Provinciae
1821 2297 2033 2372 Episco-

467 2374 639 2447 paleS,
669 2375 916 2426 vicesimo
950 2375 1099 2427 sexto
1123 2376 1246 2427 loco
1278 2373 1462 2430 Λοῦω-ον
1493 2373 1759 2446 appellat,
1792 2390 1911 2447 pag.
1953 2396 2029 2447 25.

468 2448 664 2501 Eadem
691 2453 889 2517 Atos-&⁴
920 2466 1034 2522 pag.
1067 2469 1125 2517 13·
1156 2449 1400 2501 mendose
1428 2463 1660 2499 vocatur.

312 2519 361 2577 L
381 2521 430 2573 A
450 2525 480 2579 S
496 2525 588 2577 TI
610 2525 662 2578 G
684 2526 723 2577 Ι.
758 2526 1022 2578 Nummus
1049 2525 1291 2596 antiquus
1319 2520 1460 2595 apud
1498 2523 1636 2576 Rod.
1686 2523 1880 2575 Carum
1900 2566 1916 2590 ‚
1943 2522 2036 2578 lib.

475 2619 495 2651 1
520 2619 539 2652 1
564 2619 611 2654 1.
634 2615 746 2673 cap.
774 2616 908 2653 Lx1.
940 2614 1056 2671 pag.
1080 2603 1186 2653 186.
1214 2595 1417 2662 Plinio,
1445 2594 1532 2648 lib.
1570 2617 1701 2653 111.
1731 2596 1844 2650 sest.
1886 2620 1901 2651 1
1931 2620 1943 2649 ι
1975 2620 2015 2651 ι.

465 2674 690 2749 lastigi,
716 2676 769 2725 in
796 2674 1015 2724 Baeturia
1037 2716 1050 2738 ,
1075 2687 1219 2746 parte
1248 2673 1452 2725 Baeticae
1471 2716 1484 2737 ‚
1508 2670 1837 2725 Cel-ticorum
1863 2673 2001 2727 dieta
2017 2715 2035 2741 2

465 2763 757 2801 conventus
787 2744 1121 2820 Hispalenfi&

310 2818 363 2878 I..
381 2823 426 2875 A
442 2823 494 2878 V
510 2826 541 2878 S
595 2826 618 2877 Ι
636 2825 686 2878 V
705 2824 786 2876 LI
808 2823 873 2876 A.
1952 2880 1955 2883 .

390 2899 457 2954 C.
491 2899 554 2952 L.
578 2900 618 2953 I.
656 2900 736 2953 N.
768 2898 878 2952 AV
898 2900 972 2955 G.
1002 2896 1208 2953 Claudii
1229 2913 1471 2950 nummus
1499 2941 1515 2965 ,
1548 2895 1688 2971 apud
1730 2896 2038 2950 Mediobar-

384 2964 389 2970 ¹
467 2974 591 3026 bum
609 3017 626 3042 ‚
649 2990 767 3048 pag.
795 2977 821 3026 8
836 2993 883 3043 5.
922 2990 990 3025 ex
1018 2974 1219 3045 Sponio
1251 2995 1263 3025 :
1300 2991 1456 3046 quem
1490 2990 1762 3024 nummum
1791 2970 1860 3024 fic
1884 2972 2036 3021 inter.

453 3061 746 3121 pretamur:
773 3045 983 3105 Colonia
1011 3058 1153 3106 Laus
1173 3046 1322 3102 Iulia
1349 3057 1522 3109 ,Nova
1553 3049 1800 3123 Augusta.
1837 3045 2035 3125 Memi-

1952 3130 2034 3171 nat
