2228 3428
625 242 1349 303 ILLUSTRATI.
1776 273 1872 323 75.

279 322 561 382 Arfino'i'tae
585 336 784 372 nomen
807 322 861 371 in
886 323 1130 394 AEgypto
1158 322 1285 387 fuit,
1314 323 1381 373 ad
1416 320 1531 375 Nili
1558 319 1687 374 latssu's
1715 331 1856 378 occi-

280 397 492 456 dentale
526 394 745 471 pofitam
776 411 805 444 a
840 393 1133 449 Ptolemaeo
1166 436 1180 459 ,
1222 413 1324 465 qua
1361 393 1557 468 spectat
1592 394 1859 469 Africam,

281 491 554 531 nummum
583 471 725 523 hunc
748 469 1013 523 Hadriani
1039 466 1297 540 spectare,
1327 472 1494 520 verius
1517 470 1855 530 arbitramur:

284 549 432 624 quod
466 561 647 600 ceterae
681 546 872 616 pariter
904 545 1133 616 AEgypti
1162 540 1481 616 praefecturae
1512 547 1560 596 in
1604 548 1866 603 Hadriani

289 628 509 699 gratiam
546 636 787 673 nummos
824 619 942 670 cudi
969 617 1206 691 jusserint
1231 662 1244 686 ‚
1286 636 1420 691 quos
1464 618 1559 671 suis
1586 618 1864 676 afferemus

289 701 436 755 locis,
467 693 797 767 Philadelphi
832 699 884 748 ὅ(
917 693 1166 747 Arsinoes
1195 711 1435 747 nummus
1463 694 1536 746 est
1561 695 1863 770 perelegans

269 772 423 848 ‘apud
456 772 739 845 Seguinum
765 813 779 835 ,
814 787 931 843 pag.
961 790 1056 841 47.
1085 786 1227 821 nunc
1257 769 1467 822 Cimelii
1500 772 1654 843 Regii
1685 815 1698 836 ,
1747 790 1865 825 cum

286 847 569 921 epigraphe
604 855 839 903 ΘΕΩΝ
863 889 877 911 ,
912 863 1015 918 qua
1054 859 1202 919 parte
1244 844 1521 898 Ptolemaei
1567 845 1776 918 Lagiclae
1815 854 1870 901 ὃς

288 925 565 976 Berenices
604 921 842 994 conjugis
885 922 1061 993 capita
1091 916 1420 994 repraesentat
1445 945 1455 974 z
1494 931 1867 991 ΑΔΕΛΦΩΝ,

290 1015 393 1069 qua
417 997 688 1051 Ptolemaei
721 995 1054 1070 Philadelphi
1081 1001 1134 1050 &
1164 994 1412 1049 Arsinoes
1441 994 1641 1054 sororis,

144 1078 193 1131 A
216 1077 267 1128 R
284 1074 331 1126 C
352 1075 410 1127 H
434 1074 472 1126 E
492 1074 535 1125 L
554 1075 598 1126 A
624 1076 645 1127 1
667 1073 714 1125 S.

212 1151 259 1203 C
277 1151 329 1202 O
350 1149 407 1203 L.
456 1148 503 1201 C
525 1149 617 1201 AF,
637 1153 682 1203 S.
721 1149 768 1200 A
789 1150 840 1201 R
863 1147 909 1200 C
932 1149 987 1201 H
1013 1148 1049 1200 E
1068 1148 1112 1200 L
1130 1149 1176 1202 A
1195 1148 1216 1198 I
1236 1148 1284 1200 S.
1314 1145 1521 1199 Claudii
1540 1165 1779 1201 nummus
1801 1193 1815 1215 ,
1843 1166 1874 1202 e

291 1221 562 1277 Thesauro
599 1222 840 1288 Goltzii‚
876 1240 995 1296 pag.
1026 1228 1129 1293 238.
1161 1221 1354 1275 Plinius
1385 1220 1474 1275 lib.
1510 1243 1595 1278 v1.
1629 1223 1744 1277 sect.
1785 1247 1872 1279 111.

296 1297 626 1367 Cappadocia
657 1306 792 1350 intas
820 1294 973 1349 habet
1013 1296 1249 1349 coloniam
1280 1297 1490 1351 Claudii
1527 1298 1738 1372 Caesarz's
1764 1308 1871 1355 Ar-

296 1371 587 1436 chelaidem,
607 1371 707 1435 &a
730 1373 939 1430 Subacsti
954 1374 1062 1446 jam
1082 1388 1203 1424 ante
1220 1370 1482 1428 aTiberio
1503 1373 1872 1446 CappadoceS,

296 1442 430 1501 teste
455 1447 673 1502 Aurelio
705 1451 948 1515 Victore,
987 1449 1052 1499 de
1082 1448 1270 1501 Caesar.
1307 1447 1624 1516 Cappadoces
1644 1449 1871 1521 sabaste,

297 1536 476 1572 remoto
506 1540 612 1595 rege
636 1519 909 1577 Archelao,

221 1610 263 1653 A
287 1608 762 1656 PXEAAEQN.
808 1609 1325 1656 KAICAPEQN.
1390 1610 1872 1659 NEQKOPQN.

296 1677 411 1727 Titi
437 1691 680 1725 nummus
702 1691 730 1725 e
750 1671 1020 1725 Thesauro
1052 1675 1261 1726 Goltzii
1283 1719 1296 1742 ,
1325 1692 1444 1748 pag.
1474 1698 1606 1750 209.

145 1748 193 1801 A
215 1750 283 1802 SI
306 1752 349 1801 A
371 1793 384 1814 ,
401 1763 492 1817 pro
527 1747 778 1805 Orientali
802 1763 949 1818 parte
976 1756 1199 1804 Romani
1232 1758 1438 1818 imperii,

221 1824 576 1881 CAESAR.
620 1827 800 1880 IMP.
846 1827 953 1879 VI.
1020 1827 1243 1879 ASIA.
1311 1826 1751 1884 RECEPTA.
1789 1830 1877 1883 Ab

301 1900 539 1972 Augusto
564 1901 837 1966 videlicet,
858 1900 1000 1972 cujus
1026 1899 1111 1952 hic
1132 1919 1374 1954 nummus
1404 1900 1505 1967 est,
1536 1904 1675 1976 apud
1702 1907 1882 1958 Occo-

298 1991 451 2041 nem,
477 1992 593 2046 pag.
627 1996 695 2044 51.
739 1977 983 2029 Antonio
1011 1978 1219 2028 devicsto
1256 1974 1431 2045 cusus,
1463 1979 1546 2028 cui
1566 1979 1679 2033 haec
1700 1985 1880 2053 portio

301 2051 502 2120 imperii
539 2051 772 2103 Romani
796 2047 1076 2121 obtigerat.

152 2126 199 2177 A
216 2124 283 2177 SI
306 2125 353 2174 A
378 2129 578 2192 propria
608 2123 740 2175 dz'c‘la
758 2163 772 2183 ‚
794 2122 883 2194 seu
911 2141 1020 2191 quae
1046 2124 1331 2195 Proconfhlz'
1348 2125 1586 2194 parebat.

227 2198 274 2250 C
297 2198 349 2250 O
373 2199 450 2250 M.
494 2197 650 2253 ASI.
719 2199 841 2254 RO
863 2198 941 2250 M.
987 2199 1109 2251 ET.
1144 2200 1258 2253 AV
1279 2202 1351 2254 G.
1418 2208 1679 2254 Commune
1710 2203 1882 2271 Asaieff

300 2279 473 2322 Romae
491 2268 551 2329 ὧν
577 2272 809 2341 Augusto,
831 2269 1031 2323 Tiberii
1051 2289 1321 2339 nummus,
1356 2278 1408 2325 in
1434 2274 1662 2328 Cimelio
1690 2279 1880 2350 Regio:

303 2346 433 2396 item
468 2344 695 2414 Claudii.
738 2345 1040 2396 Commune
1071 2344 1251 2403 fanum
1288 2348 1523 2422 intellige
1545 2392 1559 2416 ⁷
1599 2367 1883 2406 commune

295 2417 494 2470 sacrum
515 2464 529 2485 ,
563 2424 616 2472 ὃς
640 2435 923 2471 commune
951 2434 1248 2488 certamen,
1274 2439 1303 2473 a
1322 2437 1442 2474 tota
1466 2424 1572 2495 ejus
1593 2426 1883 2482 Provinciae

298 2498 680 2547 communitate
714 2495 930 2548 editum.
959 2496 1098 2547 Vide
1123 2513 1236 2564 quae
1260 2514 1324 2550 ex
1357 2501 1549 2570 Tacito
1589 2500 1773 2553 dicturi
1800 2500 1881 2556 su-

297 2587 411 2621 mus
426 2573 477 2622 in
504 2572 729 2622 nummis
764 2579 809 2631 Σ
826 2583 881 2626 Μ
896 2581 938 2626 Υ
958 2585 992 2627 Ρ
1012 2584 1056 2627 Ν
1074 2584 1116 2626 Α
1132 2583 1154 2627 Ι
1174 2585 1224 2630 Ω
1241 2587 1303 2630 Ν.
1337 2572 1631 2628 Constabat
1657 2585 1717 2628 ea
1734 2595 1880 2632 com„

301 2648 527 2697 munitas
557 2646 688 2698 Afiae
707 2649 916 2718 oppidis
944 2649 1163 2698 omnino
1188 2650 1440 2702 tredecim
1459 2693 1476 2716 ‚.
1498 2666 1555 2702 ut
1577 2667 1641 2702 ex
1665 2671 1882 2706 nummo

298 2720 559 2773 Antonini
578 2723 654 2774 Pii
669 2721 838 2786 liquet
854 2765 866 2786 ‚
895 2722 960 2772 de
977 2739 1087 2792 quo
1107 2724 1336 2777 dicemus
1357 2770 1371 2793 ,
1386 2722 1551 2778 verbo
1577 2739 1872 2788 ΡΟΔῙΩΝ,

302 2795 494 2863 Iuliis,
526 2797 669 2868 quod
704 2795 955 2868 singulare
993 2796 1096 2862 est,
1125 2796 1398 2869 septimum
1440 2800 1618 2854 locum
1654 2807 1881 2876 Magneg

302 2867 426 2920 fiam
457 2868 735 2923 obtinuisse
762 2890 824 2924 ex
869 2888 1086 2921 nummo
1131 2873 1391 2926 Gordiani
1432 2880 1577 2929 tertii
1614 2878 1816 2950 liquet,
1852 2896 1881 2931 e

307 2945 534 2997 Cimelio
569 2947 772 3018 Regio:
818 2959 986 3004 ΜΑΓ
1003 2959 1110 3003 NH
1127 2959 1166 3001 T
1187 2959 1235 3005 Ω
1253 2963 1314 3006 N.
1353 2960 1649 3010 EBAO-MH
1689 2966 1730 3008 T
1748 2968 1796 3011 H
1822 2967 1889 3011 Cg.

303 3034 348 3075 A
367 3031 404 3076 C
424 3032 445 3076 1
463 3034 502 3076 A
524 3032 579 3077 C,
607 3022 684 3071 uti
720 3021 969 3089 dicemus,
998 3023 1163 3075 verbo
1193 3037 1359 3083 MAI*
1378 3041 1423 3084 N
1440 3039 1489 3083 H
1508 3040 1549 3082 T
1567 3042 1617 3086 Ω
1633 3044 1694 3087 N.
1735 3037 1882 3083 Com-

302 3114 444 3149 mune
471 3095 603 3169 Afiae
641 3094 908 3156 Concilium
936 3097 1065 3151 dixit
1093 3100 1297 3156 Gellius
1318 3145 1333 3170 ‚
1359 3102 1449 3159 lib.
1474 3122 1490 3157 1
1512 3126 1548 3159 1.
1573 3122 1689 3177 cap.
1714 3125 1793 3158 vi⁴²
1870 3092 1882 3101 ⁴

1534 3183 1583 3235 K
1620 3180 1660 3248 ij„
