2228 3428
733 175 1426 233 ILLUSTRATI.
1867 186 1960 250 189

382 245 501 304 sect.
526 268 576 305 x,
604 253 655 303 &
688 251 991 323 Stephano:
1018 256 1121 313 ''qu
1157 255 1193 323 ag}
1227 254 1441 317 Ἰτοιλίας
1486 249 1743 322 Ζεφύριον,
1786 252 1877 323 ἐφ’
1912 258 1965 312 οῧ

387 331 553 395 Λοκροὶ
570 326 906 403 Ἐπιζεφύριοι.

235 404 327 457 ΖΕ
346 414 381 460 Φ
400 413 441 458 Υ
460 415 494 458 p
511 415 533 458 1
556 415 605 460 Ω
623 416 664 459 T
684 398 734 461 Ω
749 417 810 460 Ν,
851 399 1112 455 Hadriani
1150 402 1385 465 nummi,
1413 420 1548 472 quos
1579 404 1816 459 vidimus,
1854 405 1958 459 Pli-

233 468 236 471 “
387 480 477 528 nio
497 522 511 544 ,
530 477 616 532 lib.
636 499 683 532 v.
704 478 815 529 secl.
841 494 920 528 xx
942 496 957 529 ι
979 495 1016 527 1.
1045 472 1350 553 Zephyrium.
1381 477 1649 548 Stephano
1673 503 1684 531 ε
1711 481 1957 551 Ζεφύριον,

381 553 518 611 ’πόλις
542 553 766 614 Κιλικίοις.
792 551 843 607 π’
869 548 1052 617 ἐθνικόν,
1087 552 1393 617 Ζεφυωῶτιις.

308 636 823 691 ΖΕΦΥΡΙΕΩΝ,
869 632 923 679 &
956 635 1253 686 ΖΕΦΥΡΙ
1278 636 1534 685 ΩΤΩΝ.
1599 626 1759 699 Apud
1789 631 1955 684 Golt-

383 707 521 756 zium
537 747 550 769 ,
571 707 620 754 in
640 704 785 767 Asia,
805 698 942 754 Tab.
962 722 978 754 1
998 719 1043 754 v.
1067 704 1310 779 juppiter
1330 700 1535 754 flumini
1550 700 1760 755 insidet:
1780 707 1957 776 aquila

381 779 588 830 fulmini
603 778 749 852 Jovis
772 774 971 828 infistit.
989 778 1176 830 Amnis
1203 776 1288 829 ille
1314 794 1475 851 porro
1502 777 1583 827 cui
1606 777 1852 851 Juppiter
1876 784 1954 833 in-

289 851 293 855 ’
381 851 512 905 fidet
534 895 548 918 ,
594 850 734 904 haud
766 849 924 903 dubie
969 851 1305 925 Calycadnus
1348 853 1422 904 est
1447 895 1461 918 ,
1508 853 1590 902 cui
1623 852 1952 927 Zephyrium

372 929 795 1000 promontorium
823 926 1186 1000 oppidumque
1211 925 1487 980 finitimum
1516 925 1591 978 est
1610 971 1624 994 ,
1658 927 1785 980 teste
1811 932 1954 983 Stra-

378 1001 545 1068 bone,
573 1001 664 1056 lib.
698 1005 836 1055 x1'V.
864 1018 983 1076 pag.
1027 1007 1159 1075 670.
1193 1007 1246 1056 ὃ(
1278 1009 1383 1074 671.
1419 1003 1488 1056 Ut
1520 1001 1779 1076 intelligas
1807 1010 1953 1078 gravi

296 1129 302 1134 ,
377 1077 590 1128 duorum
614 1094 789 1130 errore
815 1079 872 1132 N
882 1079 1096 1130 onnium
1120 1122 1134 1146 ,
1166 1080 1257 1152 qui
1295 1077 1361 1131 ad
1392 1077 1714 1154 Zephyrium
1741 1081 1950 1155 Scythi-

376 1168 498 1205 cum
522 1150 620 1206 hos
650 1170 894 1206 nummos
919 1150 1147 1229 ablegat.

1079 1306 1141 1361 H

417 1459 464 1511 A
482 1460 537 1513 D
556 1463 610 1516 R
623 1462 672 1513 V
688 1459 750 1512 M
768 1462 807 1514 E
820 1463 870 1514 T
887 1463 938 1515 V
958 1460 1038 1514 M.

464 1533 529 1586 C.
557 1535 621 1588 C.
640 1535 677 1587 I.
702 1536 780 1589 H.
802 1538 859 1590 P.
884 1536 948 1589 A.
979 1534 1156 1588 Severi
1168 1549 1412 1587 nummus
1432 1576 1446 1600 ‚
1466 1534 1517 1584 in
1538 1532 1724 1587 Museo
1740 1534 1936 1590 nostre.

298 1607 368 1663 C.
391 1610 459 1664 C.
488 1610 527 1664 I.
561 1611 637 1663 H.
667 1611 724 1663 P.
759 1612 822 1668 A.
855 1607 1143 1663 Caracalla:
1176 1626 1416 1662 nummus
1446 1652 1462 1676 ,
1490 1610 1543 1659 in
1582 1609 1811 1661 Cimelio
1842 1614 1948 1666 Re..

370 1681 459 1758 gio
479 1728 493 1752 ,
515 1703 634 1736 cum
660 1685 865 1738 Cereris
881 1688 1061 1752 icone,
1083 1699 1301 1758 propter
1322 1701 1480 1757 quam
1508 1681 1778 1758 Frugzftra
1811 1705 1948 1757 quo-

371 1778 478 1831 que
538 1759 906 1814 Hadrumetus
949 1760 1024 1812 est
1063 1758 1344 1834 appellata.
1415 1758 1625 1815 Colonia
1676 1761 1950 1814 Concordia

368 1834 518 1891 Iulia
547 1835 932 1891 Hadrumetina
964 1843 1072 1891 Pia
1114 1838 1350 1911 Augusta.
1400 1837 1470 1890 -Et
1499 1838 1603 1889 Piae
1646 1853 1950 1911 cognomen

373 1911 686 1984 Carthagini
711 1915 764 1963 in
791 1913 982 1964 eodem
1009 1913 1176 1964 tra-&u
1195 1955 1209 1979 ‚
1239 1927 1298 1964 ut
1328 1907 1554 1984 superius
1586 1913 1805 1966 vidimus
1823 1957 1838 1979 ,
1872 1912 1949 1966 est

365 1985 696 2038 attributum.

298 2059 366 2114 C.
395 2061 462 2114 C.
504 2063 542 2114 Ι.
587 2062 664 2114 H.
707 2062 767 2114 P.
813 2062 1084 2116 Nummus
1118 2062 1442 2128 Commodi,
1465 2079 1494 2114 e
1519 2062 1708 2116 Museo
1732 2065 1941 2122 nostro:

373 2134 635 2189 Gordiani
648 2137 865 2208 junioris
884 2180 899 2203 ,
924 2133 1152 2189 Gallieni
1176 2137 1230 2186 in
1256 2136 1481 2191 Cimelio
1515 2140 1720 2211 Regio:
1745 2145 1799 2194 &
1828 2144 1939 2195 Va-

367 2208 579 2275 leriani,
612 2210 754 2283 apud
795 2208 1209 2264 Mediobarbum
1233 2255 1247 2278 ,
1275 2228 1392 2285 pag.
1422 2217 1540 2284 384.
1569 2215 1663 2285 qui
1702 2233 1820 2268 cum
1850 2216 1944 2269 has

365 2298 521 2335 notas
563 2288 818 2336 extricare
843 2304 952 2336 non
975 2282 1148 2357 poffet
1175 2329 1189 2352 ,
1234 2288 1369 2338 inter
1394 2289 1578 2339 incerti
1604 2286 1721 2340 situs
1743 2293 1943 2363 oppida

364 2357 564 2412 retulit.
592 2360 660 2412 Et
685 2358 792 2412 hoc
814 2361 1005 2413 Patino
1030 2356 1243 2432 aliisque
1269 2377 1515 2413 arcanum
1534 2361 1702 2417 latuit.
1727 2368 1854 2420 Nos
1872 2366 1944 2419 fic

357 2433 799 2507 interpretamur:
837 2433 1048 2491 Colonia
1078 2434 1353 2490 Concordia
1379 2434 1524 2492 Iulia
1551 2437 1943 2494 Hadrumetina

359 2513 490 2563 Pia.
549 2510 625 2563 Ut
647 2509 786 2562 hanc
817 2528 977 2585 porro
1008 2512 1503 2585 interpretationem
1542 2530 1606 2566 ex
1630 2514 1768 2569 hisce
1801 2519 1943 2572 notis

360 2583 766 2637 extunderemus
787 2629 802 2652 ,
821 2600 967 2639 vetus
988 2586 1254 2659 inscriptio
1274 2585 1402 2641 fecit
1418 2634 1432 2655 ,
1463 2589 1605 2663 apud
1627 2589 1939 2663 Gruterum,

363 2673 485 2784 pag.
518 2676 590 2711 cc
607 2677 634 2710 c
656 2677 766 2715 Lx1
786 2682 822 2714 1.
854 2679 1012 2732 quam
1035 2662 1086 2712 in
1119 2664 1285 2717 Notis
1304 2663 1371 2714 ad
1394 2663 1616 2717 Plinium
1648 2668 1934 2736 retulimuS,

386 2733 456 2786 ib.
486 2753 535 2787 ν.
565 2734 680 2788 sest.
714 2755 795 2788 111.
821 2735 1282 2791 COLONIA.
1321 2739 1592 2795 CONC
1616 2741 1939 2800 ORDIA.

365 2809 660 2865 VLPIA.
709 2811 1160 2866 TRAIANA.
1203 2814 1455 2868 AVGV
1481 2817 1665 2869 STA.
1711 2818 1749 2871 F
1784 2821 1832 2871 R
1861 2822 1939 2873 V-

365 2881 721 2938 GIFERA.
763 2886 961 2939 I-IAD
985 2887 1504 2945 RVMETINA.
1538 2893 1707 2944 Nunc
1733 2891 1936 2946 Maho-

363 2972 495 3009 meta
517 2960 723 3014 dicitur.
748 2960 1035 3032 Byzacenae
1059 2958 1185 3013 olim
1218 2962 1271 3011 in
1301 2962 1483 3016 Africa
1512 2967 1793 3037 provinciae
1830 2985 1938 3023 me..

364 3032 619 3110 tropolis:
652 3032 756 3087 five
775 3078 791 3103 ,
816 3051 874 3088 ut
895 3033 1273 3092 Constanti-nus
1300 3037 1535 3111 loquitur
1553 3083 1566 3107 ,
1587 3037 1678 3094 lib.
1705 3059 1721 3095 1
1735 3064 1775 3100 ι.
1796 3043 1938 3102 Cod„

1581 3117 1681 3169 Aa
1724 3117 1776 3187 iij
