2228 3428
478 292 710 348 Romani
730 288 943 366 Imperii
964 295 1126 345 annis,
1162 291 1359 343 Infimis
1378 308 1502 344 vero
1516 218 1679 364 {anue
1704 295 1838 347 adeo
1863 294 2045 347 mediis

476 367 1039 440 temporibuS,honor·is
1061 365 1208 418 causa
1232 366 1378 417 diCtae
1394 366 1718 418 interdumin
1738 372 1919 421 eadem
1943 385 2045 419 una

475 442 751 494 Provincia
776 440 945 513 plures
979 441 1312 513 Metropoles
1331 483 1345 505 ,
1379 453 1541 512 atque
1567 456 1630 492 ex
1655 442 1713 492 iis
1745 443 2007 495 nonnullae
2024 486 2039 510 ‚

475 514 663 586 quibus
687 515 887 566 nullum
909 515 990 586 jus
1012 511 1136 567 esset
1155 529 1213 566 ut
1244 512 1513 587 praeeffent
1539 517 1750 568 ceteris:
1787 520 2042 587 quemad-

474 589 692 641 modum
734 592 787 641 in
823 589 1175 642 Ecclefiastica
1214 605 1429 661 quoque
1464 587 1939 659 administratione,
1966 596 2042 644 in-

475 665 665 715 clinata
692 679 869 715 vetere
899 662 1163 736 disciplina
1191 707 1205 730 ,
1236 662 1405 736 plures
1439 666 1492 715 in
1524 663 1728 736 lingulis
1765 668 2043 738 provinciis

472 737 690 790 instituti
708 736 825 789 sunt
842 736 1235 810 Archiepiscopi
1264 743 1317 791 &
1348 738 1740 811 Metropolitae,
1771 741 1927 790 etiam
1955 743 2044 811 qui

469 813 643 864 nullos
662 811 918 864 haberent
934 809 1190 882 subjestos
1210 812 1495 886 Episcopos
1512 857 1525 879 ,
1551 826 1607 864 ut
1629 812 2038 866 Calchedonen-

470 887 559 939 fis:
593 905 710 937 cum
740 904 932 960 nempe
958 885 1241 960 speciosum
1276 886 1494 939 honoris
1530 887 1734 938 titulum
1783 886 1872 940 suo
1907 891 2042 940 arbi-

472 975 611 1012 tratu
640 963 940 1034 Principes,
968 980 1077 1014 non
1111 962 1300 1035 quibus
1342 976 1662 1036 congrueret
1691 1005 1704 1026 ,
1741 959 1826 1014 sed
1851 963 2042 1035 quibus

466 1034 659 1087 liberet
678 1080 691 1103 ‚
713 1039 1073 1110 impertirent:
1104 1042 1157 1091 &
1182 1050 1340 1110 'quem
1373 1039 1517 1088 unius
1536 1038 1587 1087 in
1619 1038 1891 1109 provincia
1920 1056 2037 1112 pro,

469 1113 638 1181 prium
655 1109 756 1162 effe
785 1129 876 1184 par
894 1126 1032 1177 erat,
1063 1130 1180 1164 cum
1212 1112 1390 1164 multis
1417 1108 1546 1185 saepe
1575 1113 2040 1166 communicarent.

471 1186 610 1236 Tum
647 1202 772 1237 vero
811 1202 869 1236 ea
895 1188 1075 1239 civitas
1105 1232 1119 1252 ,
1147 1191 1229 1239 cui
1256 1189 1520 1257 antiquior
1557 1186 1881 1256 μλνιξοτπύλεως
1910 1204 2042 1259 prae-

471 1262 708 1332 rogativa
731 1275 839 1311 crat
854 1304 867 1325 ,
884 1276 974 1312 aut
1000 1259 1268 1329 illustrior,
1288 1262 1487 1334 πρῶτίω
1507 1263 1822 1330 μκκτςοπόλεων
1844 1259 1890 1313 se
1908 1279 2039 1312 nun-

467 1332 729 1406 cupabat,
750 1352 857 1406 quo
888 1337 1102 1387 nomine
1133 1336 1396 1410 gaudebat
1430 1337 1684 1409 Ephesus,
1708 1336 1935 1410 Ulpiano
1963 1351 2038 1389 te-

402 1458 409 1465 „
466 1406 569 1475 ste,
598 1411 686 1477 qui
711 1407 1181 1462 AlexandriSeveri
1209 1413 1506 1483 principatu
1533 1413 1688 1477 vixit,
1721 1408 1810 1464 lib.
1832 1432 1868 1464 1.
1901 1413 2033 1484 Dig.

469 1483 548 1535 tit.
582 1488 655 1535 16.
696 1481 759 1533 de
791 1481 954 1536 Offic,
989 1483 1197 1539 Procosi
1229 1483 1326 1557 leg.
1360 1507 1417 1557 4.
1449 1484 1596 1556 quod
1627 1488 1844 1557 Smyrna
1874 1482 1921 1536 se
1942 1502 2033 1557 pa-

465 1559 590 1608 riter
615 1558 887 1624 μητξόπυλιν
917 1559 1085 1622 Ἀσίας
1103 1559 1387 1632 appellaret
1407 1603 1421 1626 ,
1453 1573 1512 1610 ut
1525 1575 1588 1610 ex
1602 1576 1863 1612 *marmore
1885 1560 2039 1612 Oxo-

464 1632 625 1683 nienfi
653 1632 838 1704 liquet.
888 1634 987 1686 Sed
1018 1640 1070 1687 &
1104 1633 1170 1684 de
1199 1636 1423 1706 primatu
1454 1635 1504 1684 in
1534 1633 1717 1685 eadem
1755 1636 2037 1688 Provincia

465 1705 830 1780 disceptabant
859 1711 992 1761 inter
1012 1709 1059 1760 se
1090 1707 1442 1782 saepenumero
1472 1710 1706 1761 civitates
1735 1709 1848 1761 duae
1871 1722 1964 1761 :ut
1984 1711 2037 1761 in

465 1780 588 1833 Asia
617 1785 836 1856 Smyrna
869 1790 918 1837 ὃς
947 1782 1176 1858 Ephesus
1202 1824 1217 1845 ,
1246 1783 1374 1835 teste
1408 1784 1653 1836 Aristide:
1690 1785 1741 1834 in
1771 1783 2037 1856 Bithynia,

462 1857 649 1918 ¹Nicaea
670 1862 721 1910 ὃς
749 1859 1100 1923 Nicomedia,
1128 1856 1256 1909 teste
1293 1861 1476 1912 Dione
1510 1857 1735 1911 Prusaeo:
1765 1872 1875 1908 tum
1893 1873 2036 1911 utra-

465 1947 569 2001 que
602 1931 651 1982 se
678 1934 895 2004 primam
920 1932 1147 1985 vocabat
1167 1976 1179 1997 ,
1209 1934 1493 2005 impetrato
1524 1931 1815 1984 videliceta
1838 1933 2035 1985 Princi-

459 2004 613 2076 pibus
643 2006 919 2073 codicillo,
941 2022 998 2058 ut
1019 2007 1221 2059 honore
1250 2024 1314 2058 eo
1341 2005 1667 2074 fruerentur,
1689 2022 1868 2058 eorum
1897 2005 2033 2059 fimi-

459 2078 533 2131 les
576 2083 663 2151 qui
719 2081 1134 2154 ampliffimarum
1184 2083 1308 2132 olim
1362 2083 1674 2154 dignitatum
1723 2079 2032 2147 codicillos,

463 2158 619 2221 (Nos
650 2154 836 2208 bre'vets
862 2156 1022 2229 vulgo
1050 2156 1297 2224 dicimus)
1329 2155 1432 2207 fine
1459 2173 1542 2219 re,
1578 2153 1793 2206 honoris
1824 2170 2028 2209 tantum

463 2229 610 2280 causa
651 2229 1120 2300 consequebantur.
1181 2231 1332 2282 Hinc
1368 2231 1418 2278 in
1465 2231 1690 2278 nummis
1735 2230 2034 2282 Nicaeenses

458 2320 679 2375 ,quoque
703 2304 878 2375 malm
913 2304 947 2360 a}
976 2304 1184 2378 ἐπαρχίας
1216 2350 1230 2371 ,
1269 2307 1422 2371 primi
1451 2308 1731 2357 Provinciae
1759 2302 2031 2376 appellan-

461 2393 578 2440 tur,
605 2395 721 2429 cum
751 2396 808 2430 ea
832 2381 1164 2433 Nicomediae
1204 2382 1372 2430 verior
1409 2376 1693 2450 appellatio
1728 2376 1885 2432 foret.
1924 2378 2029 2430 Sed

459 2467 567 2504 erat
592 2454 946 2526 metropoleos
968 2455 1189 2526 dignitas
1209 2496 1221 2520 ,
1259 2454 1603 2520 (eanimirum
1626 2470 1738 2524 quae
1768 2471 1876 2504 non
1903 2452 2030 2504 esset

457 2529 735 2601 impetrata
767 2527 1019 2580 codicillis
1047 2542 1106 2579 ac
1139 2527 1397 2579 beneficio
1434 2529 1686 2598 Principis
1707 2524 1827 2593 ,sed
1851 2527 1929 2579 vel
1950 2547 2028 2580 ur-

460 2600 537 2654 bis
569 2601 820 2654 vetustate
846 2647 860 2668 ,
910 2601 992 2654 vel
1023 2602 1371 2676 'amplitudine
1403 2619 1464 2654 ac
1489 2600 1793 2654 celebritate
1839 2604 2020 2674 nixa,)

400 2720 402 2722 ,
457 2691 569 2728 erat
596 2694 655 2729 ea
676 2719 689 2742 ‚
716 2678 962 2747 inquam,
993 2678 1160 2728 multo
1196 2696 1352 2749 quam
1375 2676 1466 2728 ista
1505 2678 1604 2737 βᾶ]
1626 2682 1853 2748 πρωτείων
1894 2696 2025 2751 prae-

455 2755 693 2824 rogativa
710 2754 888 2824 potior
907 2797 919 2816 ,
941 2755 1016 2803 uti
1033 2769 1095 2804 ex
1122 2754 1302 2806 Dione
1331 2750 1533 2805 Prusaeo
1554 2751 1747 2822 liquet,
1779 2755 1868 2823 qui
1889 2767 2017 2806 orat.

454 2844 487 2877 x
504 2844 581 2877 xx
600 2846 660 2878 vi
682 2846 697 2877 1
721 2849 754 2879 1.
777 2825 843 2876 ad
878 2826 1305 2881 Nicomedienses
1328 2825 1509 2878 habita
1536 2843 1654 2898 pag.
1688 2848 1819 2898 479.
1840 2826 1939 2878 hos
1955 2844 2019 2878 eo

454 2904 665 2961 nomine
707 2901 1070 2954 Nicaeensibus
1106 2904 1383 2973 anteponit
1414 2942 1430 2964 ,
1478 2903 1622 2973 quod
1663 2918 1780 2952 cum
1815 2903 2021 2972 utrique

454 2980 640 3046 pariter
661 2977 840 3046 wfoes'wc
869 2976 1163 3027 dicerentur
1186 3019 1198 3041 ‚
1232 2975 1504 3047 peculiaris
1531 2974 1867 3029 Nicomediae‘
1890 2976 2018 3025 inte.

450 3051 546 3110 *rim
578 3052 898 3123 μωῃξρῇπόλεως
924 3048 1204 3125 appellatio
1233 3047 1387 3103 foret.
1419 3054 1597 3126 Qare
1617 3054 1671 3104 .&
1703 3047 2019 3124 priore-loco
