2228 3428
287 267 399 335 356
765 259 1112 314 NUMMI
1173 256 1647 333 ANTIQUI

434 344 812 390 MJNMOT
856 346 1153 392 ssoAAN.
1192 334 1297 387 hoc
1328 335 1432 401 est,
1473 345 1863 395 ΒΟΑΛΝΟΥ
1887 385 1900 407 ,
1934 355 1999 393 ex

430 426 645 459 nummo
679 411 1063 483 Smyrnaeorum
1098 408 1265 461 altero
1300 454 1314 476 ‚
1353 408 1443 461 sub
1475 410 1788 481 Vespafiano
1812 457 1826 479 ,
1858 414 1998 485 apud

428 481 726 534 Tristanum
748 527 761 549 ,
793 501 907 557 pag.
940 506 1040 550 291.
1073 494 1295 543 ΣΜΥΡ
1316 498 1359 542 N
1377 499 1418 540 A
1438 498 1460 541 Ι
1481 496 1529 541 Ω
1547 498 1607 541 N.
1650 497 1690 540 Ε
1713 495 1761 540 Π
1785 498 1825 541 Ι,
1865 499 1899 542 Β
1922 502 1994 545 0.

430 568 475 613 A
495 568 728 613 ANOT.
773 561 892 611 Fuit
922 564 975 612 &
1008 559 1140 610 alter
1168 560 1398 612 Mindius
1439 560 1722 614 Proconsul
1753 560 1996 630 Achaiae,

430 634 494 683 de
521 651 627 704 quo
655 651 750 683 nos
770 632 938 688 verbo
968 636 1003 686 P
1023 635 1197 690 ATR
1217 642 1304 693 AE.
1333 638 1495 687 Fuere
1520 639 1572 686 ὃ(
1605 632 1686 684 alii
1706 634 1912 706 plurimi
1932 653 1997 689 eo

427 710 640 757 nomine
658 750 672 772 ,
696 704 1006 778 diversisque
1030 709 1429 780 cognominibus
1454 708 1589 780 apud
1617 709 1925 763 Gruterum.-

352 789 952 840 MHTPOHOAIC.
989 794 1149 840 ΚΑΙ.
1190 795 1484 841 ΠΡΩΤΗ
1519 793 1994 843 ΒΕΙΘΥΝΙΑΟ.

425 871 471 913 Ν
491 869 510 912 Ι
530 869 701 915 ΚΟΜ
727 871 793 915 Η.
836 858 1121 926 Μητςᾶπλις
1157 885 1222 927 &a
1256 860 1420 924 07042'724
1452 866 1640 923 Βιθυνίας
1684 859 1994 928 Νικομήἶὲξιι.

424 937 730 1002 Metropolis
761 952 825 986 ac
839 941 1000 1001 prima
1022 934 1272 1009 Bithynice
1296 942 1481 987 civitas
1512 933 1834 989 Nicomedia.
1867 937 1996 988 Pro-

421 1024 527 1057 ram
563 1009 745 1062 navius
773 1008 858 1062 hic
886 1011 1181 1063 Domitiani
1197 1028 1437 1061 nummus
1466 1007 1707 1076 exhibet,
1737 1014 1790 1061 &
1811 1011 1998 1060 draco-

421 1097 538 1132 nem
559 1127 572 1150 ‚
610 1083 674 1135 de
708 1101 820 1151 quo
858 1102 981 1136 mox
1012 1083 1178 1136 sumus
1203 1083 1402 1140 disturi.
1456 1084 1543 1139 Est
1575 1100 1602 1135 e
1633 1082 1862 1136 Ciinelio
1890 1089 1996 1142 Re-

405 1158 538 1225 gia),
572 1164 624 1211 ἅ
653 1160 789 1231 apud
820 1162 1094 1226 Patinum,
1127 1178 1244 1233 pag.
1277 1163 1396 1229 164.

332 1237 409 1282 ›H·
449 1243 1046 1293 MHTPOHOAIC.
1085 1246 1221 1291 NIK.
1260 1248 1396 1291 ΚΑΙ.
1435 1246 1745 1293 ΠΡΩΤΗ.
1794 1245 1994 1293 ΠΟΝ-

425 1317 465 1360 Τ
483 1319 599 1364 ΟΥ.
640 1322 683 1366 Κ
703 1322 803 1365 AI.
851 1322 883 1364 Β
904 1324 939 1367 E
963 1323 982 1365 Ι
1003 1320 1100 1365 ΘΥ
1119 1325 1162 1366 N
1184 1322 1204 1364 I
1225 1324 1265 1366 A
1282 1324 1340 1367 C.
1390 1313 1605 1382 Trajani
1650 1327 1888 1361 nummus
1932 1328 1997 1364 ex

425 1382 653 1434 Cimelio
672 1387 845 1457 Regio
863 1430 876 1452 ,
907 1392 959 1438 ὃς
983 1386 1120 1456 apud
1150 1387 1386 1437 Patinum
1408 1429 1420 1452 ‚
1442 1402 1558 1459 pag.
1586 1390 1702 1455 164.
1734 1387 1872 1439 Cum
1893 1387 1997 1439 Ni-

422 1459 695 1510 comedem
723 1477 895 1532 regern
918 1460 1257 1514 Mithridates
1277 1463 1510 1532 Eupator
1528 1504 1542 1527 ,
1568 1459 1813 1531 Bithynia
1833 1477 1995 1531 expu-

419 1529 604 1598 liffet,a
623 1535 680 1586 L.
694 1535 830 1605 Sylla
848 1536 1031 1586 cedere
1053 1535 1260 1586 coaetus
1278 1531 1541 1589 estzrursus
1557 1551 1674 1585 cum
1695 1535 1993 1605 Bithyniam

410 1604 517 1674 jam
542 1608 722 1679 populi
751 1613 903 1663 Rom.
928 1611 1252 1681 provinciam
1279 1604 1606 1682 occupasset,
1630 1626 1657 1659 a
1685 1609 1742 1661 L.
1772 1606 1996 1662 Lucullo

418 1697 524 1737 non
558 1683 798 1755 Bithynia
826 1681 990 1734 solum
1013 1729 1029 1752 ,
1073 1680 1157 1734 sed
1184 1686 1340 1735 etiam
1370 1686 1547 1736 Ponto
1574 1681 1811 1756 expulsus
1836 1725 1851 1747 ‚
1879 1697 1995 1733 tan„

420 1753 540 1806 dem
566 1774 594 1807 a
621 1759 720 1811 Cn.
750 1760 1004 1830 Pompeio
1029 1758 1108 1811 M.
1134 1762 1184 1810 &
1204 1761 1372 1830 patrio
1400 1774 1588 1830 regnO,
1616 1757 1759 1828 quod
1779 1755 1868 1808 sub
1886 1756 1992 1808 Lu-

417 1829 544 1880 culli
572 1829 836 1884 discessum
861 1848 1257 1904 recuperaverat
1277 1876 1291 1899 ,
1327 1837 1379 1884 ὃς
1410 1835 1516 1883 vita
1545 1832 1647 1905 ip‘a
1687 1846 1870 1883 exutus
1899 1830 1992 1886 est.

421 1908 545 1978 Qio
592 1905 733 1958 facio
776 1909 1058 1979 Pompeius
1093 1925 1154 1958 ex
1203 1910 1419 1959 Senatus
1466 1904 1722 1956 sententia
1764 1909 1993 1961 Pontum

413 1994 695 2051 utrumque
722 1999 750 2032 a
781 1984 1028 2053 Sangario
1062 1998 1215 2032 amne
1237 1980 1398 2052 usque
1429 1980 1492 2031 acl
1521 1980 1722 2053 Halym
1745 1997 1848 2032 una
1875 1998 1994 2033 curn

414 2051 658 2126 Bithynia
695 2057 744 2105 in
778 2057 1059 2128 provinciae
1087 2058 1234 2107 unius
1262 2053 1485 2108 formam
1523 2055 1732 2126 redegit
1758 2099 1772 2123 ,
1807 2070 1864 2107 ut
1905 2057 1995 2110 Li-

412 2128 522 2177 vius
548 2132 728 2182 auctor
754 2130 827 2182 est
848 2174 861 2196 ,
889 2135 941 2183 8<
966 2132 1234 2202 Appianns
1253 2174 1267 2197 ,
1293 2135 1347 2184 δί
1378 2126 1568 2184 Strabo
1600 2127 1689 2182 lib.
1716 2148 1782 2183 x1
1803 2151 1837 2185 1.
1864 2148 1981 2207 pag.

422 2222 533 2273 541-
601 2205 771 2275 Hujus
825 2206 1107 2276 provinciae
1150 2205 1464 2279 Metropolis
1503 2221 1565 2255 ac
1613 2207 1778 2277 prima
1814 2207 1995 2258 civitas

410 2294 627 2329 nummo
658 2296 720 2329 eo
747 2298 902 2350 quem
931 2282 1207 2332 tracffiamus
1234 2278 1557 2334 Nicomedia
1581 2279 1697 2332 fuit.
1721 2280 1858 2333 Vide
1878 2298 1994 2350 quae

414 2350 480 2401 de
513 2355 736 2424 primatu
770 2355 1020 2418 diximuS,
1047 2357 1099 2405 in
1127 2356 1349 2404 nummis
1392 2353 1773 2405 Amasenorum
1805 2358 1858 2406 δέ
1889 2356 1994 2409 Ni-

413 2427 699 2479 caeenfium.
742 2428 947 2500 Qbus
979 2427 1114 2479 adde
1140 2426 1526 2492 Valentiniani,
1557 2433 1610 2480 ὃ(
1641 2426 1878 2481 Valentis
1903 2429 1994 2481 da-

413 2512 488 2550 tas
513 2501 577 2551 ad
609 2500 1048 2554 Nicomedienses
1073 2507 1123 2554 &
1145 2499 1446 2554 Nicaeenses
1472 2500 1666 2553 litteras
1683 2545 1697 2567 ,
1725 2520 1838 2573 quae
1860 2506 1994 2555 reci-

413 2586 589 2626 tantur
622 2576 671 2625 in
707 2574 920 2649 Synodo
958 2574 1215 2628 Calched.
1247 2577 1343 2628 aet.
1371 2594 1404 2627 x
1426 2597 1442 2629 1
1462 2596 1477 2627 1
1500 2597 1534 2628 1.
1559 2576 1646 2626 ubi
1677 2577 1853 2628 statuit
1888 2580 1994 2630 lm-

408 2662 631 2719 perator·
652 2652 706 2703 Ν
715 2652 890 2702 icaeam
913 2645 1016 2701 effe
1053 2647 1282 2701 secundo
1322 2651 1445 2702 loco
1478 2648 1733 2724 Bithyniae
1754 2666 1992 2721 metropo-

410 2720 512 2773 lim.
545 2725 610 2776 Et
636 2722 838 2777 Eusebii
865 2723 1217 2775 testimonium
1239 2769 1253 2790 ,
1287 2723 1374 2778 lib.
1440 2747 1454 2778 1
1483 2748 1497 2779 1
1529 2748 1571 2779 1.
1613 2727 1677 2777 cle
1706 2729 1810 2778 vita
1841 2729 1992 2781 Con-

410 2797 647 2861 stamini,
682 2817 795 2871 cap.
840 2819 889 2854 L.
921 2798 1296 2854 Nicomediam
1325 2799 1634 2874 appellantis
1664 2801 1697 2858 {⁹³
1725 2802 1860 2861 πόλιν
1900 2802 1996 2860 τίω*

408 2874 600 2935 Βιθυνῶν
633 2873 869 2950 ἄρχουσαν.

332 2949 594 3001 RESTI
619 2950 998 3004 TvTORI.
1048 2951 1666 3006 NICOMEDIAE.
1692 2953 1990 3007 Hadrianus

402 3021 618 3092 figuram
650 3024 960 3075 muliebrem
982 3023 1159 3074 dextra
1179 3022 1599 3081 sublevatrVide
1627 3026 1772 3102 supra
1789 3069 1804 3094 ‚
1828 3026 1987 3079 RES-

401 3097 871 3171 TITVTORI
916 3099 1460 3155 BITHYNIAE.
