2228 3428
235 197 337 248 ¹72
671 168 1043 226 NUMMI
1104 168 1584 248 ANTIQI

222 254 260 307 F
281 257 331 307 R
353 250 398 302 A
421 251 480 303 N
503 247 550 300 C
574 248 595 298 I
615 247 676 297 A.

303 323 554 379 GAVD
578 322 663 373 IV
684 319 763 371 M.
813 318 934 374 RO
957 318 1235 374 MANO
1258 323 1372 377 RV
1393 325 1471 377 M.
1516 321 1578 374 In
1617 333 1763 395 parte
1805 322 1942 394 ima,

374 398 410 449 F
431 395 542 449 RA
560 397 618 449 Ν
642 395 689 448 C
706 395 729 446 I
746 395 807 447 A.
856 395 1128 447 Nummus
1178 395 1514 448 Constantini
1545 397 1733 469 Magni
1759 441 1774 464 ,
1804 399 1947 473 apud

373 471 688 536 Occonem,
723 486 837 542 pag.
879 488 939 540 53
965 491 1010 539 5.
1059 471 1286 523 Devicffa
1319 470 1412 522 sub
1450 470 1692 543 trophaeo
1725 472 1947 526 Francia

370 546 572 594 nummi
597 545 702 616 ejus
730 560 904 595 aream
928 544 1152 597 obtinet.
1186 547 1531 618 Panegyricus
1562 545 1862 599 Maximino
1893 554 1950 604 δε

374 617 728 670 Constantino
751 619 941 670 dictus:
966 626 1040 671 M
1045 617 1155 669 ulta
1180 620 1260 674 ille
1291 627 1306 687 (
1332 618 1699 689 Constantius)
1735 626 1951 674 Franco.

371 711 475 744 rtem
500 696 659 746 millia
675 736 691 759 ‚
720 699 807 764 qui
839 699 1137 746 Bataviam
1171 694 1397 768 aliasque
1415 726 1417 729 .
1435 701 1499 746 cis
1525 690 1752 748 Rhenum
1791 709 1950 759 terra,¹

372 768 697 842 invaserant,
720 765 967 834 interfecit
984 810 998 831 ,
1030 769 1218 839 depulit
1238 811 1252 832 ,
1272 769 1502 823 abduxit.
1536 779 1618 825 Tu
1629 772 1736 838 jam
1753 769 1822 821 ab
1840 773 1949 846 ipfi's

373 862 533 895 eorum
566 843 753 918 regibus
779 842 1063 915 auspicatm
1097 863 1175 909 es,
1194 845 1432 919 fimulque
1462 841 1523 906 ὠ·
1543 851 1796 916 praeterita
1834 849 1947 900 illo-

370 937 473 972 rum
486 917 672 992 scelera
695 921 874 988 punisti
888 959 903 979 ‚
930 919 990 981 όν·
1009 928 1153 973 totius
1167 927 1324 995 gentis
1351 919 1591 973 lubricam
1602 920 1755 990 fidem
1780 934 1954 981 terrore

372 997 585 1063 vinxisti.
612 996 751 1052 Vide
775 1000 827 1049 &
857 996 916 1052 N
922 998 1148 1050 azarium
1171 1000 1225 1052 in
1241 997 1566 1071 Panegyrico
1590 995 1946 1055 Constantini.

1077 1159 1116 1206 Γ

379 1307 469 1353 ΑΒ
490 1307 869 1356 ΑΘΗΝΩΝ.
903 1309 1385 1356 ΝΕΩΚΟΡΩΝ.
1438 1297 1706 1351 Nummus
1737 1296 1952 1353 Claudii

380 1371 625 1441 Caeni-is,
648 1390 676 1424 e
704 1371 974 1426 Thesauro
1011 1375 1215 1428 Goltzii
1241 1417 1257 1441 ‚
1298 1390 1419 1446 pag.
1475 1393 1593 1443 215.
1627 1373 1950 1447 Stephanus:

375 1447 569 1507 Γαζοίθκ
588 1492 599 1513 ,
624 1448 761 1506 ’πόλις
780 1448 1045 1518 Γαλιλοᾳάς
1067 1491 1077 1501 .
1104 1491 1114 1502 .
1139 1491 1149 1502 .
1173 1491 1183 1502 .
1221 1449 1273 1505 π’
1304 1445 1452 1504 ἑθνικὸν
1468 1490 1481 1513 ,
1515 1446 1811 1506 Γαζαθζωᾶς.

224 1538 369 1585 ΓΑΒ
389 1535 544 1580 AAE
563 1534 688 1580 ΩΝ.
729 1527 789 1576 In
824 1526 1046 1589 nummis
1084 1526 1161 1578 M.
1197 1521 1427 1589 Aurelii,
1449 1522 1591 1594 apud
1629 1525 1802 1577 Patin.
1829 1540 1953 1596 pag.

374 1622 486 1671 243.
519 1605 571 1651 ὅ(
588 1598 734 1669 Juliae
763 1596 982 1671 Aquiliae
999 1600 1231 1652 Severae:
1268 1615 1409 1650 nunc
1428 1597 1637 1649 Cimelii
1659 1601 1833 1670 Regii.
1856 1598 1955 1652 ΡΗ.

372 1677 464 1725 nio
486 1718 498 1739 ,
528 1673 618 1726 lib.
646 1691 693 1724 v.
728 1672 843 1727 sear.
870 1692 1019 1728 xvn
1038 1694 1073 1726 1.
1102 1676 1155 1726 in
1202 1675 1378 1746 Syria:
1416 1671 1658 1726 Balanea
1683 1713 1698 1734 ,
1732 1670 1954 1736 Paltos,

377 1747 575 1802 Gabale
605 1788 621 1810 ‚
663 1748 949 1801 Laodicea.-
982 1747 1172 1821 quibus
1200 1762 1430 1820 quatuor
1461 1744 1864 1820 Episcopatibus
1899 1751 1955 1800 in

378 1826 589 1880 Notitia
633 1823 986 1876 Ecclefiastica
1027 1826 1278 1894 antiqua,
1314 1838 1431 1895 pag.
1472 1842 1548 1894 59.
1587 1822 1795 1874 constat
1823 1824 1956 1876 Pro-

377 1901 548 1951 vincia
579 1898 965 1951 Theodoriadis
990 1898 1252 1970 appellata
1286 1921 1296 1949 ε
1346 1897 1592 1974 Ἐπαρχίοι
1635 1897 1952 1962 Θεοὸομοίῶς.

378 1974 630 2032 Λαοὲἵκεια
663 1973 953 2043 ,μήιτξόπολιφ
998 1973 1216 2031 Heben-5.
1264 1973 1508 2031 Βοιλοωεά.
1543 1972 1776 2033 reddam.
1839 1976 1957 2027 Ste-

374 2051 582 2122 phano:
613 2049 836 2108 Γαῖἕοιλα,
853 2094 867 2117 ,
895 2047 1036 2107 πόλις
1059 2054 1262 2112 ,Φοινίκης
1284 2091 1294 2101 .
1313 2093 1323 2104 .
1346 2093 1357 2104 .
1379 2093 1390 2105 .
1423 2051 1449 2103 o‘
1473 2048 1661 2122 οἰκήτωρ
1681 2094 1695 2117 ,
1731 2048 1956 2108 Γαζαλί-

375 2147 456 2187 της
477 2166 493 2188 ,
520 2126 558 2185 (ἓ
580 2125 855 2184 Γαζαλᾰῦς.
882 2126 968 2177 Est
991 2132 1044 2180 &
1071 2127 1236 2178 altera
1257 2125 1440 2196 Lydiae
1472 2125 1681 2179 Gabala
1698 2170 1714 2194 ,
1743 2128 1794 2178 in
1826 2128 1954 2181 No,

377 2201 490 2272 titia
518 2200 711 2255 Eccles.
742 2203 995 2274 antiqua:
1047 2199 1135 2254 sed
1176 2217 1336 2272 quam
1361 2199 1469 2252 huc
1509 2202 1727 2253 minime
1766 2212 1952 2274 putem

374 2288 618 2329 attinere.

298 2361 336 2407 Γ
356 2361 392 2405 Α
413 2359 450 2403 Β
471 2361 514 2405 Α
529 2359 580 2407 Α
597 2361 634 2406 E
656 2359 705 2406 Ω
724 2363 785 2406 Ν.
821 2359 861 2406 Γ
878 2361 921 2404 Α
941 2360 997 2405 C.
1021 2348 1098 2401 M.
1125 2347 1321 2401 Aurelii
1353 2365 1595 2400 nummus
1621 2395 1635 2419 ,
1654 2349 1796 2423 apud
1816 2349 1960 2405 Pati-¹

375 2442 526 2490 num,
549 2442 668 2497 pag.
695 2447 798 2495 243.
825 2442 942 2475 cum
968 2422 1209 2496 Sphingis
1227 2421 1399 2496 effigie
1415 2467 1429 2489 ,
1453 2430 1505 2477 &
1529 2425 1805 2497 Harpyiae,
1833 2442 1950 2496 quae

377 2498 602 2551 volucris
627 2499 700 2551 est
718 2543 731 2565 ,
757 2498 997 2551 muliebri
1037 2497 1187 2551 facie.
1235 2500 1337 2552 Sed
1365 2509 1467 2556 ΓΛ
1485 2511 1524 2556 C
1555 2498 1658 2573 legi
1690 2497 1761 2551 ibi
1793 2515 1954 2573 opor-

379 2573 507 2640 tuit,
543 2588 600 2624 ut
632 2572 694 2625 sit
723 2590 782 2626 ea
820 2577 945 2624 anni
976 2588 1104 2624 nota
1140 2591 1506 2629 ccxxx111.
1552 2575 1669 2647 post
1706 2577 1954 2647 impetra..

381 2662 485 2699 tam
510 2648 755 2700 videlicet
781 2665 810 2699 a
830 2650 1091 2722 Pompeio
1121 2646 1418 2700 libertatem
1440 2694 1453 2716 ,
1482 2665 1540 2700 ut
1561 2652 1613 2700 in
1634 2647 1956 2702 Gazenfium

377 2725 601 2775 nummis
621 2722 852 2776 dicemus
871 2767 886 2790 ‚
913 2741 1052 2774 anno
1067 2722 1219 2777 Urbis
1242 2725 1427 2777 Romae
1444 2744 1481 2780 D
1501 2743 1532 2779 c
1550 2745 1581 2780 L
1602 2745 1641 2779 x
1659 2743 1697 2779 X
1713 2744 1751 2779 X
1766 2744 1820 2779 x.
1840 2741 1950 2795 quo

381 2798 574 2851 Cicero
595 2798 739 2872 geffit
772 2796 1140 2865 Consulatum.
1182 2796 1270 2851 Ab
1300 2816 1364 2851 eo
1398 2798 1434 2851 fi
1464 2814 1800 2851 numerentur
1831 2798 1954 2851 anni

380 2893 414 2929 c
432 2893 464 2928 c
480 2892 623 2928 xxx
641 2896 657 2927 1
677 2895 751 2928 11.
797 2887 1043 2926 occurret
1089 2890 1252 2925 annus
1298 2873 1449 2928 Urbis
1494 2893 1532 2929 D
1550 2893 1583 2929 c
1604 2894 1637 2930 c
1654 2894 1686 2930 c
1704 2893 1738 2929 c
1757 2893 1797 2930 x
1813 2892 1853 2928 x
1871 2893 1892 2927 1
1913 2892 1953 2927 1.

379 2949 460 3005 M,
492 2948 692 3001 Aurelii
718 2950 952 3001 decimus
977 2993 991 3014 ,
1017 2947 1179 3000 Claro
1208 2954 1261 3002 &
1295 2949 1545 3023 Cethego
1570 2947 1715 3003 Coff.

301 3032 339 3076 Γ
359 3036 402 3079 A
421 3035 455 3078 B
478 3034 581 3083 AA
600 3037 622 3081 I
638 3037 679 3082 T
702 3038 753 3084 Ω
771 3039 832 3083 Ν.
897 3026 1008 3097 Qi
1047 3022 1328 3076 Caracallae
1366 3026 1577 3077 nomine
1612 3022 1681 3076 fic
1722 3022 1955 3096 inscripti
