2228 3428
752 148 1480 208 ILLUSTRATI.
1877 156 1985 222 463

396 223 448 279 Ψ
467 233 490 280 Ι
510 231 556 282 A
577 233 626 282 Ω
642 233 691 283 1·1
711 236 754 280 A
770 236 828 280 T.
852 242 914 277 ac
943 225 1009 277 de
1031 225 1163 279 Pfile
1194 222 1355 277 insula
1379 226 1469 276 uni
1485 223 1658 279 Plinio
1688 240 1982 279 memorata

393 303 589 374 accipit
606 345 620 368 ,
650 300 719 353 fic
743 299 935 353 deinde
959 303 1364 375 interpretatus:
1399 310 1605 358 ΨΙΛΩ.
1646 311 1857 361 ΠΑΤΡ
1874 313 1896 358 1
1915 310 1977 363 Σ.
2004 337 2008 342 ⁴

393 375 528 448 Pfilo
554 385 737 445 patriae
750 373 842 449 ficb
876 374 1096 450 Creschio
1122 420 1135 443 ,
1167 384 1438 449 Smyrnaeis.
1467 380 1660 450 Nugae.
1693 381 1818 432 Nec
1839 378 1976 432 Pfile

390 468 686 504 memoratu
712 451 894 525 digna,
920 469 1018 503 nec
1047 451 1114 502 fic
1140 448 1372 524 copulari
1406 454 1641 504 civitates
1664 456 1713 503 in
1750 451 1976 506 nummis

388 524 590 580 solent:v
615 530 761 601 Lege
780 573 794 594 ,
830 543 949 577 meo
991 525 1226 598 periculo
1251 569 1265 592 ‚
1298 539 1334 582 E
1358 536 1402 581 Π
1425 540 1466 583 Ι,
1511 538 1556 582 Χ
1576 542 1610 583 Ρ
1628 542 1659 585 Ε
1676 537 1722 589 Σ
1745 541 1787 584 X
1811 543 1832 586 I
1851 541 1972 588 ΟΥ.

388 618 427 665 Φ
450 614 472 658 Ι
489 613 535 660 Λ
552 617 598 661 O
616 614 666 659 Π
685 615 797 659 AT.
836 601 937 656 Sub
980 599 1234 675 Chreschio
1265 600 1593 672 Philopatore
1621 649 1634 671 ‚
1676 609 1970 678 Smyrnaeo..

385 695 500 728 rum
531 677 728 730 scilicet
765 694 877 730 tum
903 678 1233 751 Magistratu.
1298 679 1356 730 In
1400 693 1504 731 vet.
1554 678 1794 751 Inscript.
1829 682 1971 754 apud

388 753 680 806 Gruterum
697 799 710 822 ,
742 771 859 827 pag.
900 777 925 808 2
944 760 1016 806 61.
1054 755 1115 809 L.
1158 754 1205 805 C
1225 754 1282 806 H
1303 756 1355 808 R
1377 756 1397 807 I
1422 756 1451 807 S
1474 754 1623 806 CIV
1647 758 1694 809 S.
1744 756 1969 829 Cogno-

384 845 503 880 men
545 831 591 880 ei
629 829 946 902 Philopator
976 827 1079 880 fuit
1102 873 1116 896 ,
1148 844 1206 879 ut
1228 828 1509 881 Polemoni
1542 829 1969 884 Laodicenorum

382 905 434 955 in
468 905 622 959 Caria
647 907 892 972 Praetori,
920 905 995 962 uti
1027 905 1116 955 suo
1145 904 1267 955 loco
1292 903 1533 971 vidimus,

307 988 662 1043 ΚΛΑΡΟΣ.
713 989 952 1041 ΣΜΥΡ.
1001 991 1164 1038 EHI.
1213 991 1812 1042 ΕΡΜΟΓΕΝΟΥΣ.
1862 982 1964 1037 Sub

379 1063 699 1132 Hermogene
732 1059 981 1111 Praetore.
1017 1058 1254 1112 Neronis
1286 1075 1531 1109 nummus
1555 1103 1568 1125 ,
1595 1061 1738 1130 apud
1780 1059 1964 1111 srista-

377 1150 503 1183 num
523 1178 538 1201 ,
574 1148 704 1187 tom.
742 1154 778 1187 1.
805 1150 923 1206 pag,
963 1156 987 1186 2
1010 1139 1089 1186 28.
1118 1137 1171 1185 δε
1198 1133 1344 1205 apud
1380 1135 1618 1186 Patinum
1640 1178 1654 1202 ,
1686 1152 1804 1207 pag.
1838 1157 1961 1207 199,

378 1225 497 1258 cum
519 1209 731 1263 Meletis
754 1213 918 1261 amnis
953 1208 1125 1282 effigie
1143 1252 1157 1275 ,
1189 1227 1295 1281 quo
1323 1211 1542 1282 Smyrne
1565 1207 1773 1262 alluitur
1797 1236 1806 1265 :
1850 1231 1960 1284 quo

374 1300 596 1335 nummo
611 1283 741 1336 nihil
766 1284 905 1336 aliud
925 1284 1240 1357 significatur
1257 1328 1268 1350 ,
1302 1302 1458 1356 quam
1488 1287 1805 1358 praecipuum
1823 1290 1965 1360 apud

375 1361 671 1432 Smyrnaeos
704 1360 968 1434 Apollinis
999 1360 1164 1414 Clarii
1196 1357 1395 1410 cultum
1430 1357 1581 1412 fuiffe
1608 1406 1621 1428 ,
1656 1380 1961 1436 quanquam

373 1437 694 1508 praecipuum
715 1437 822 1508 ejus
842 1436 948 1490 Dei
977 1431 1158 1486 fanum
1186 1452 1215 1485 a
1243 1437 1464 1506 Smyrna
1483 1434 1694 1490 abesset.
1716 1441 1796 1490 Sic
1816 1458 1959 1489 num.

371 1527 487 1560 mos
515 1510 644 1560 alios
671 1510 948 1584 singulares
978 1511 1150 1582 accipi
1182 1524 1397 1583 oportet
1416 1554 1429 1578 ‚
1464 1524 1781 1572 ΝΙΚΑΕΩΝ
1822 1523 1866 1576 Σ
1891 1527 1957 1572 A.

370 1595 409 1640 Γ
426 1598 467 1640 Α
489 1597 523 1639 P
541 1597 562 1640 Ι
577 1595 624 1641 Σ
641 1629 655 1652 ,
686 1590 790 1644 &c,

293 1668 464 1720 ΣΜΥ
482 1675 517 1717 Ρ
537 1675 582 1719 Ν
602 1675 640 1718 A
659 1673 681 1717 I
704 1671 754 1719 Ω
775 1675 837 1719 Ν.
871 1669 1010 1720 ΕΠΙ.
1047 1672 1081 1715 Β
1104 1671 1153 1717 Ω
1174 1672 1221 1717 Λ
1243 1672 1280 1716 Α
1297 1672 1477 1718 ΝΟΥ.
1493 1663 1792 1733 Vespasiani
1807 1686 1959 1720 num-

365 1754 514 1804 mm,
543 1739 685 1811 apud
704 1736 929 1790 Tristan.
961 1755 1080 1811 pag.
1105 1758 1207 1807 291.
1238 1755 1356 1788 cum
1375 1738 1523 1812 Jovis
1555 1739 1757 1814 effigie,
1790 1745 1958 1797 vicsto-

365 1813 552 1864 riolam
589 1812 774 1865 dextra
800 1813 1044 1887 gestantis
1065 1858 1080 1880 ‚
1106 1813 1302 1865 hastam
1333 1812 1462 1866 laeva
1484 1858 1498 1883 ‚
1525 1832 1644 1867 cum
1671 1820 1960 1895 epigraphe

367 1899 521 1945 AKP
540 1902 583 1944 A
601 1902 623 1945 Ι
641 1903 687 1947 O
705 1898 750 1949 Σ
774 1933 788 1955 ,
819 1888 884 1940 de
914 1906 1019 1959 qua
1048 1887 1213 1960 supra.

292 1971 816 2026 EMTPNAIQN
854 1972 1155 2024 ΕΡΜΟΣ-
1188 1974 1345 2020 ΕΠΙ.
1383 1975 1806 2027 ΒΟΛΑΝΟΥ.
1850 1972 1952 2027 Sub

362 2040 580 2096 Bolano.
611 2042 776 2099 Fluvii
818 2041 1187 2092 decumbentis
1213 2039 1429 2113 effigies,
1466 2042 1660 2095 Plinius
1683 2089 1696 2111 ,
1726 2045 1831 2099 loe.
1865 2050 1951 2105 cit.

360 2125 424 2172 A
448 2124 656 2193 Smyrna
685 2122 916 2170 Hermus
939 2129 1125 2184 campos
1141 2115 1313 2182 facit,
1340 2122 1440 2171 &Q
1478 2119 1533 2170 In
1556 2119 1716 2171 altera
1752 2127 1953 2177 nummi

361 2209 532 2268 parte,
562 2204 1154 2253 AOMETIANOC.
1201 2205 1339 2250 ΚΑΙ.·
1379 2205 1579 2253 TITO
1601 2208 1655 2253 C·
1700 2209 1948 2256 ΑΥΤΟ-

360 2283 454 2328 ΚΡ
475 2284 516 2326 Α
533 2284 574 2327 T
592 2284 642 2330 Ω
661 2286 713 2328 Ρ.
757 2272 1057 2326 Domitiani
1085 2275 1140 2323 δί
1160 2272 1273 2323 Titi
1299 2272 1472 2342 capita
1498 2271 1705 2324 adversa
1727 2317 1740 2341 ‚
1765 2276 1819 2338 *in
1858 2276 1952 2329 Ci-

358 2348 520 2399 melio
557 2350 747 2421 Regio,
1504 2398 1506 2400 ,

280 2430 862 2483 AOMITIANOC.
902 2434 1125 2480 KAIC·
1164 2433 1324 2480 CEB.
1358 2434 1947 2487 FEPMANIKOC.

358 2511 587 2559 ΔΟΜΙ
608 2513 686 2558 TI
706 2515 766 2557 A.
806 2510 1206 2558 CEBACTH.
1258 2501 1316 2550 In
1350 2515 1498 2571 parte
1533 2504 1702 2554 aversa
1729 2548 1740 2569 ,
1780 2515 1947 2562 ΕΠΙ.

358 2587 1025 2635 AHMOCTPATOT.
1087 2587 1472 2634 CTPATHF
1496 2587 1620 2637 OT.
1684 2591 1723 2636 C
1751 2592 1803 2637 M
1826 2593 1868 2638 Υ
1891 2596 1943 2638 Ρ.

358 2650 460 2704 Sub
489 2656 804 2722 Demostrato
839 2660 1064 2706 Praet07e
1092 2660 1458 2728 Smyrnaeorum,
1497 2652 1660 2727 Apud
1683 2657 1945 2725 patmum,

358 2742 479 2797 pag,
511 2733 625 2799 167.
652 2745 792 2778 nunc
820 2727 1028 2779 Cimelii
1060 2729 1233 2797 Regii.

279 2811 336 2856 Μ
355 2812 453 2859 EA
470 2814 519 2859 H
538 2815 593 2860 C.
639 2815 679 2860 C
701 2815 814 2859 ΜΥ
833 2817 881 2859 Ρ.
907 2802 1076 2862 Μέλης
1105 2802 1386 2873 Σμυρναίων.
1411 2807 1685 2859 Nummus
1723 2805 1944 2874 Sabinae,

355 2879 501 2951 apud
520 2879 892 2952 spanhemium
914 2923 927 2945 ,
951 2896 1066 2952 pag.
1089 2884 1198 2948 891.
1214 2880 1412 2932 Plinius
1431 2923 1444 2946 ,
1464 2879 1554 2938 lib,
1585 2901 1631 2934 v.
1662 2879 1942 2938 se&.XXX1.

356 2959 569 3028 Smyrna
591 2995 607 3017 ‚
632 2973 775 3008 amne
807 2952 1005 3009 Μείεῑε
1026 2953 1245 3029 gaudens
1266 2999 1280 3021 ,
1306 2972 1398 3006 non
1419 2954 1590 3023 procul
1610 2971 1725 3010 orto.
1757 2960 1942 3011 Pausa-

354 3031 494 3098 niaS,
520 3032 569 3082 in
613 3030 895 3100 Achaicis,
927 3048 1044 3106 pag,
1089 3051 1190 3086 211.
1221 3033 1289 3083 ad
1313 3027 1491 3086 fontes
1531 3032 1639 3104 ejus
1668 3037 1830 3086 amnis
1871 3038 1944 3087 ait
