2228 3428
675 224 1383 282 ILLUSTRATI.
1840 242 1884 278 11

331 304 462 359 RIS.
510 301 678 356 Nunc
704 317 928 371 uterque
952 317 1192 351 nummus
1224 299 1435 355 Cimelii
1464 298 1619 373 Regii
1652 296 1742 351 est.
1896 242 1925 294 9

263 378 313 432 C
342 378 472 431 OL.
512 379 581 431 V.
620 377 782 432 IVL.
819 378 886 429 C.
922 373 1187 427 Hadriani
1219 390 1463 425 nummus
1497 418 1510 441 ,
1554 373 1692 446 apud
1726 371 1922 424 Trista,

340 469 498 520 num,
522 466 651 506 tom.
686 471 723 505 1,
747 465 869 521 pag.
906 452 1042 515 383.
1079 463 1207 517 quas
1234 444 1321 496 ille
1351 463 1502 498 notas
1554 448 1618 497 sic
1650 463 1924 520 perperam

340 527 748 600 interpretatur:
786 521 992 576 Colonia
1030 521 1232 575 Viflrix
1278 524 1424 572 Iulia
1481 524 1747 593 Calagum
1780 562 1793 582 ‚
1841 521 1927 573 vel

340 599 487 654 Iulia
514 599 802 669 Constantia
824 619 838 647 .·
868 614 987 648 cum
1018 610 1204 648 neutra
1225 597 1465 647 Vnstricis
1494 613 1684 647 nomen
1719 598 1768 647 in
1798 593 1912 647 ullis

341 675 551 729 vetustis
577 673 928 724 monumentis
961 672 1213 724 obtineat.
1254 669 1460 722 Celiam
1493 688 1618 723 vero
1649 688 1766 721 cum
1798 688 1924 741 prae-

342 750 574 821 rogativa
606 746 830 799 coloniae
861 746 1216 797 monumentis
1259 746 1501 798 omnibus
1536 745 1738 796 constet
1780 740 1927 798 fuzsse

342 823 632 896 insignitam
653 866 668 890 ‚
705 821 860 875 Plinii
891 820 1070 872 locum
1117 818 1274 891 paulo
1313 834 1437 872 ante
1469 820 1736 871 laudatum
1757 862 1770 884 ,
1801 833 1923 869 ante

341 915 436 948 nos
466 898 894 969 interpiinstioms
920 896 1052 947 vitio
1073 893 1402 946 laborantem
1425 939 1439 963 ,
1471 894 1535 946 fic
1560 897 1746 946 merito
1773 892 1925 944 casti„

337 973 599 1044 gavinius:
624 970 862 1046 Celst’nses
880 1012 894 1033 ,
916 990 977 1021 ex
1003 969 1191 1022 colonia
1214 993 1228 1021 .·
1256 970 1643 1044 Calaguritanos
1664 974 1766 1023 &e
1798 984 1919 1019 cum

337 1049 478 1118 prius
511 1045 807 1120 legeretur,
843 1044 1101 1119 Celsenses.
1161 1055 1240 1099 Ex
1277 1044 1463 1097 colonia
1504 1042 1921 1117 Calaguritanos:

336 1120 413 1173 At
429 1121 698 1195 Calaguris
711 1121 850 1196 apud
864 1124 1132 1173 'neminem
1150 1119 1493 1173 vetustiorum
1517 1118 1671 1193 paulo
1697 1117 1920 1191 scripto-

337 1213 449 1246 rum
470 1239 484 1263 ,
503 1213 601 1248 nec
628 1195 782 1248 ullius
809 1197 1008 1248 nummi
1025 1193 1275 1269 lapidisve
1291 1196 1601 1248 au&oritate
1618 1238 1631 1262 ‚
1651 1209 1812 1266 atque
1829 1235 1842 1258 ,
1864 1205 1924 1242 ut

338 1271 411 1324 ita
442 1269 610 1323 dicam
629 1316 644 1338 ,
663 1267 911 1344 suffragio
929 1315 943 1338 ,
971 1273 1023 1322 in
1057 1271 1383 1323 coloniarum
1406 1269 1532 1323 albo
1561 1268 1818 1334 censetur,
1834 1263 1922 1317 sed

338 1347 746 1418 municipiorum
767 1361 1001 1398 tantum:
1028 1344 1230 1401 Celsam
1266 1341 1416 1396 fuiffe
1447 1344 1711 1396 coloniam
1731 1386 1744 1409 ,
1780 1355 1923 1394 certe

336 1423 538 1472 nummi
569 1421 810 1474 clamant.
879 1423 1044 1473 Fuere
1076 1433 1248 1471 autem
1278 1421 1330 1470 in
1368 1418 1621 1491 Hispania
1649 1419 1922 1480 citeriore,

335 1494 406 1543 ita
440 1494 702 1567 prodente
735 1495 904 1548 Plinio
927 1538 944 1561 ‚
973 1493 1065 1546 lib.
1092 1513 1201 1547 111.
1227 1493 1376 1543 initio
1412 1491 1644 1545 sectionis
1672 1510 1756 1546 iv,
1785 1488 1928 1540 colo-

338 1570 437 1620 niae
468 1571 686 1620 omnino
719 1568 1005 1620 duodecim
1041 1591 1052 1621 :
1095 1565 1372 1639 Carthago
1405 1583 1575 1632 nova,
1611 1565 1742 1618 Illici
1766 1611 1780 1633 ,
1810 1567 1922 1618 Va-

336 1640 496 1696 lentia
514 1645 779 1709 ,Tarraco
798 1688 809 1710 ,
833 1644 1078 1709 Barcin0‚
1096 1640 1269 1708 Celsa,
1290 1639 1691 1714 Caesaraugusta.
1718 1641 1926 1694 Ceterae

340 1719 575 1791 quinque
606 1718 671 1769 ad
706 1715 1183 1792 Carthaginiensem
1217 1731 1544 1770 conventum
1574 1717 1830 1783 attinent,
1858 1710 1926 1766 ab

263 1810 266 1814 ’
339 1807 513 1866 eoque
535 1792 992 1867 fiqappeilantur:
1018 1789 1385 1866 Carthaginem
1412 1798 1706 1844 conveniunt
1729 1833 1740 1846 .
1763 1833 1773 1844 .
1797 1832 1833 1844 ..
1865 1805 1925 1841 ex

337 1865 526 1922 colonia
555 1876 814 1926 Accitana
846 1869 1186 1941 Gemeh‘enses,
1225 1864 1287 1929 d*
1313 1864 1610 1942 Zibifiosona
1650 1871 1924 1940 cognomine

339 1947 782 2020 Foroaugustana,
807 1943 986 2015 quibus
1011 1942 1196 1997 duabus
1219 1948 1300 2014 jus
1321 1941 1503 1995 Italiae
1533 1943 1709 1994 datum
1725 1966 1739 1993 .-
1762 1962 1822 1993 ex
1847 1959 1922 1992 co-

339 2015 476 2070 lonia
496 2017 779 2092 Salariense
794 2018 1029 2086 oppidani
1046 2024 1198 2073 Latii
1216 2028 1398 2072 veteris
1415 2017 1774 2090 Castulonenſs’s
1791 2041 1805 2068 :
1825 2021 1923 2069 Sae-

341 2090 572 2145 tabitam·
588 2135 605 2158 ,
618 2102 717 2164 'qui
732 2096 1017 2165 Augustani
1030 2117 1050 2143 .-
1062 2093 1383 2166 Valerienfi‘s.
1421 2095 1624 2164 Neque
1639 2095 1778 2144 enim
1796 2093 1921 2144 Ant.

342 2166 693 2240 Augustinum
719 2170 954 2219 audimus
975 2212 990 2235 ‚
1029 2170 1119 2241 qui
1135 2165 1281 2219 nullo
1304 2165 1557 2219 adductus
1583 2179 1920 2239 argumento,

261 2274 264 2277 -
340 2242 490 2294 Dial.
539 2261 622 2294 vr.
669 2243 853 2313 Antiq.
886 2259 1003 2315 pag.
1046 2264 1148 2299 101.
1188 2259 1286 2314 pro
1326 2239 1663 2306 Libisosona,
1699 2239 1918 2307 Sem-abi,

340 2313 550 2367 Valeria
567 2359 581 2381 ,
598 2315 970 2391 Juliobricam,
1010 2317 1258 2370 Cluniam
1276 2358 1290 2382 ,
1313 2315 1720 2385 Asturicamque
1742 2318 1795 2365 in
1827 2334 1919 2367 co-

339 2388 594 2443 loniarum
624 2388 776 2443 claffe
801 2392 1025 2461 reponit.
1055 2393 1193 2444 Tam
1219 2390 1356 2443 enim
1394 2388 1497 2441 effe
1526 2406 1554 2441 e
1588 2387 1917 2443 coloniarum

337 2480 561 2519 numero
583 2464 761 2518 saltem
784 2463 1173 2534 Libisosonam,
1198 2481 1354 2537 quam
1392 2463 1455 2516 fit
1488 2464 1776 2532 Accitana,
1809 2464 1914 2518 Pii„

340 2540 450 2590 nius
482 2537 585 2613 ipse
614 2537 882 2614 perspicue
908 2544 1077 2615 arguit
1101 2586 1116 2609 ‚
1153 2541 1276 2592 loco
1303 2543 1543 2613 proxime
1572 2537 1736 2591 allato
1755 2584 1768 2607 ,
1801 2557 1917 2593 cum

339 2610 542 2681 subdit,
569 2613 738 2686 quibus
765 2613 965 2668 duabus.
1018 2615 1308 2688 juliobricae
1325 2659 1339 2682 ,
1370 2614 1574 2670 C'Iuniae
1593 2657 1606 2681 ,
1638 2611 1914 2684 Asturicae,

340 2685 562 2813 {offiiniae
586 2690 672 2761 jus
694 2707 809 2761 quae
845 2705 1191 2743 monumenta
1214 2688 1436 2743 afferant
1457 2733 1470 2758 ,
1503 2688 1883 2763 vindicemque
1902 2734 1917 2757 ᾖ

379 2779 406 2813 e
485 2781 703 2817 eramus,

196 2835 676 2896 C’ERMENO.
730 2840 870 2892 Vide
903 2850 1401 2899 I'EPMHN-QN·

196 2912 263 2964 C.
292 2912 348 2966 F.
373 2912 686 2968 P.D.Vide
720 2911 1186 2972 DEVLTON'.

198 2986 670 3043 CHALDAEI.

266 3062 387 3118 DE
435 3062 996 3121 CHALDAEIS.
1044 3064 1094 3117 S.
1138 3065 1203 3119 C.
1248 3069 1459 3120 Senarus
1505 3062 1747 3135 Θηβαίδα,
1791 3070 1923 3122 Tra„
