2228 3428
412 289 417 292 .
523 287 527 291 .
695 216 1392 273 ILLUSTRATL
1831 243 1905 295 93

183 292 864 365 BIZ'THNQN.EH1.
909 306 1069 351 TIN.
1116 308 1151 350 P
1173 304 1474 354 ΟΥῷΟΥ.
1510 293 1810 362 Hadriani,
1847 317 1912 351 ex

206 398 209 400 -
342 371 529 423 eodem
553 369 802 421 omelia).
847 370 1008 420 Forte
1033 412 1047 433 ,
1091 381 1129 424 E
1145 379 1193 422 Π
1211 381 1250 422 Ι.
1288 384 1330 425 Α
1346 383 1422 426 CI
1442 383 1502 427 N.
1564 385 1600 427 P
1615 384 1661 428 O
1678 381 1721 426 Υ
1738 387 1773 433 Φ
1791 386 1837 430 O
1853 384 1913 429 Υ.

339 446 426 498 Est
450 446 585 496 enim
621 443 805 497 Asiniae
834 444 1006 513 gentis
1041 442 1302 513 peculiare
1326 443 1450 496 Rufi
1476 462 1792 516 cognomen.

264 533 338 580 BI
357 530 575 576 ZTHN
594 530 643 574 Ω
661 532 722 574 Ν.
760 517 841 568 Μ.
876 515 1112 582 Aurelii,
1142 533 1202 567 ac
1233 517 1463 590 Philippi
1485 520 1650 570 Patris
1684 525 1909 592 nummi,

341 600 392 647 in
425 593 651 648 Ci-melio
681 591 874 662 Regio.
936 591 1179 643 Vidimus
1218 596 1272 644 &
1307 592 1566 644 Hadriani
1588 635 1601 659 2
1632 598 1684 646 δε
1713 598 1907 654 Severi,

341 672 513 724 Plinio
530 712 543 736 ‚
565 665 651 721 lib.
678 687 695 718 1
712 685 758 717 v.
788 663 904 717 sec't.
940 683 971 715 v
989 685 1091 717 111.
1120 671 1293 740 Bizyct
1313 708 1328 729 ,
1348 686 1444 717 arx
1473 686 1634 740 regum
1657 666 1903 727 Thracia),

342 743 636 813 Stephano:
673 739 844 816 Βιζῦκ,
868 739 1004 797 ’πόλις
1039 742 1230 811 Θρᾳῶωτς
1251 784 1260 794 .
1282 785 1292 794 .
1317 785 1327 796 .
1364 744 1418 798 w*
1448 741 1599 798 ἐθνικὸν
1620 783 1635 804 ,
1661 746 1905 817 Βιζυῖωός.

261 833 298 877 Β
314 833 338 876 1
354 829 391 873 Ζ
406 831 447 875 Υ
463 831 511 875 H
528 832 575 875 N
597 830 645 874 Ω
663 832 724 875 Ν,
751 819 924 872 Diana
946 819 1204 870 Venatrix
1220 861 1234 884 ‚
1256 820 1306 869 in
1329 836 1547 870 nummo
1571 818 1906 892 Faustinzeju„

331 896 488 946 nioris
505 938 518 960 ,
548 911 575 944 e
599 893 827 946 Cimelio
853 893 1041 965 Regio,

188 982 224 1026 Β
241 983 262 1027 1
282 980 380 1026 ΘΥ
398 985 442 1028 Ν
460 982 481 1024 Ι
502 982 535 1025 Ε
555 982 603 1026 Ω
621 983 683 1026 Ν.
713 968 858 1041 Jiiliae
891 967 1149 1021 Corneliae
1176 969 1366 1023 Paullae
1393 987 1649 1024 nummus,

256 1058 342 1103 BE
362 1057 592 1103 ΙΘΥΝΙ
611 1058 648 1101 E
667 1057 716 1101 Ω
737 1058 796 1100 Ν.
834 1057 877 1099 Α
894 1056 940 1099 Δ
959 1057 993 1101 P
1013 1056 1034 1099 Ι
1054 1059 1095 1100 A
1112 1059 1158 1101 N
1176 1056 1224 1102 Ω
1244 1060 1304 1103 Ν.
1355 1047 1620 1099 Nummus
1650 1046 1902 1116 Antinoi,

331 1123 474 1194 cujus
504 1121 614 1173 haec
657 1122 823 1195 patria
856 1119 968 1172 fuit.
1027 1120 1112 1172 Ab
1144 1122 1423 1174 Hadriano
1467 1124 1601 1192 Imp.
1641 1123 1723 1170 cui
1752 1125 1903 1174 unice

328 1214 474 1248 carus
496 1199 756 1248 Antinous
778 1192 878 1246 fuit
893 1239 906 1262 ‚
930 1193 1149 1246 alterum
1166 1194 1218 1246 id
1236 1212 1428 1246 nomen
1454 1194 1649 1246 habuit.
1679 1197 1738 1247 In
1756 1212 1903 1268 parte

330 1271 435 1340 ejus
468 1273 667 1323 nummi
692 1272 982 1333 anteriore,
1016 1285 1176 1343 caput
1200 1270 1353 1343 ipsius
1393 1273 1614 1322 Antinoi
1642 1271 1714 1320 est
1733 1314 1747 1336 ,
1779 1289 1898 1325 cum

325 1344 619 1420 :epigraphe
644 1390 657 1411 ,
700 1359 747 1401 H
801 1355 1117 1402 HATPIC
1172 1358 1625 1404 ANTI-NOON
1667 1355 1896 1405 ΘΕΟΝ.

328 1428 606 1481 Antinoum
630 1427 796 1474 Deum
820 1428 999 1488 patria
1029 1420 1112 1472 sua
1141 1420 1270 1471 colit
1304 1439 1365 1471 ac
1396 1436 1688 1474 veneratur.
1734 1422 1900 1492 Apud

329 1495 655 1560 Tristanum,
689 1510 818 1558 tom.
852 1518 891 1551 1,
925 1511 1039 1567 pag.
1072 1515 1195 1565 547.
1224 1497 1285 1546 In
1312 1509 1457 1567 parte
1495 1495 1723 1566 postica,
1753 1496 1898 1547 Mer-

329 1573 501 1620 curius
533 1588 650 1622 cum
685 1567 930 1620 talaribus
949 1613 962 1635 ,
990 1568 1195 1641 adjecto
1215 1570 1351 1621 bove
1374 1594 1384 1621 :
1413 1584 1471 1620 ut
1488 1569 1552 1620 ab
1571 1569 1722 1640 hujus
1746 1573 1898 1643 oppi-

324 1644 381 1694 di
399 1646 594 1697 civibus
612 1643 847 1696 habitum
877 1662 972 1716 pro
994 1647 1261 1698 Mercurio
1283 1646 1575 1697 Antinoum
1603 1642 1864 1717 intelligas
1884 1692 1897 1714 ‚

328 1721 480 1790 eique
512 1721 710 1793 majore
746 1718 916 1771 hostia
959 1718 1025 1771 ab
1059 1722 1114 1771 iis
1160 1718 1382 1772 litatum.
1451 1718 1590 1771 Alias
1620 1719 1831 1771 abaotos
1867 1739 1898 1773 a

328 1795 597 1849 Mercurio
628 1793 889 1868 Apollinis
928 1792 1125 1862 boves,
1149 1795 1225 1845 uti
1260 1807 1432 1844 narrat
1469 1795 1768 1846 Antoninus
1809 1797 1900 1849 Li-

320 1865 515 1920 -beralis
540 1872 593 1920 in
612 1868 970 1943 Metamorph.
1001 1867 1275 1942 fignificari
1303 1886 1521 1941 quoque
1542 1867 1649 1920 hoc
1678 1887 1895 1923 nummo

322 1941 465 1996 haud
478 1959 680 1996 temere
703 1946 818 2014 quis
840 1945 1024 1997 credat.
1060 1948 1328 1999 Nummus
1350 1946 1607 2011 Oeconis,
1623 1961 1742 2018 pag·
1764 1967 1891 2015 244.

322 2016 364 2068 fi
391 2017 554 2068 modo
598 2018 737 2069 haud
768 2015 998 2068 sublestae
1044 2017 1206 2087 fidei,
1257 2030 1345 2076 ΓΕ
1364 2031 1513 2076 NEC
1532 2032 1554 2075 Ι
1571 2032 1610 2076 C
1659 2033 1702 2075 A
1721 2032 1824 2077 NT
1841 2033 1895 2076 Ι-

325 2104 550 2149 ΝΟΟΥ
588 2103 1050 2149 ΒΙΘΥΝΙΕΟΕ
1071 2137 1085 2159 ,
1122 2112 1231 2144 non
1256 2110 1313 2144 ut
1339 2094 1443 2167 ipse
1471 2093 1626 2166 legit,
1670 2106 1892 2151 ΚΙΤΥ-

325 2179 408 2223 NI
427 2180 535 2225 ΔΟ
554 2180 606 2224 C.
631 2168 829 2232 Plinio,
858 2165 945 2220 lib,
970 2186 1017 2220 v,
1047 2166 1164 2221 feei.
1199 2188 1284 2224 XL
1306 2188 1323 2220 1
1343 2189 1411 2222 11.
1447 2165 1735 2242 Bithynion.
1773 2173 1890 2222 Ste-

320 2243 498 2312 phano
531 2266 541 2293 :
591 2242 801 2305 Βιθύνιον,
829 2241 971 2296 ’πόλις
1009 2248 1201 2305 Βιθυνίας
1227 2284 1362 2298 .....
1403 2246 1427 2296 o‘
1455 2244 1576 2299 οἷκὸἱν
1607 2287 1620 2308 ,
1653 2245 1886 2306 BcOwcssa‘s.

321 2314 517 2366 Eadem
546 2315 833 2367 Ptolemaeo
853 2355 869 2376 ,
901 2313 986 2367 lib.
1018 2333 1064 2366 v,
1095 2333 1210 2388 cap.
1248 2336 1285 2369 1.
1319 2316 1683 2391 Claudiopolis
1714 2322 1891 2393 appel.

319 2388 450 2442 lata:
484 2391 836 2448 Κλοιυὲὶὸπυλις
865 2391 894 2450 n‘
920 2393 952 2460 ᾖ
984 2390 1191 2453 Βιθύνιον.

166 2467 212 2519 Β
229 2464 250 2516 I
265 2464 314 2515 T
331 2466 386 2517 H
406 2467 457 2518 Y
476 2467 532 2519 N
551 2469 569 2518 l
590 2468 652 2520 A.

230 2536 274 2595 ’Β
292 2552 329 2596 E
344 2552 366 2595 1
384 2550 428 2593 Θ
445 2551 486 2596 Υ
501 2554 547 2599 Ν
565 2554 585 2598 1
606 2556 649 2599 A
668 2555 722 2600 C.
760 2555 804 2600 K
820 2556 866 2600 o
884 2554 906 2598 1
923 2555 968 2599 N
984 2555 1029 2601 o
1050 2557 1110 2600 N.
1130 2550 1394 2597 Commune
1416 2543 1687 2620 Bithynice.
1718 2550 1883 2603 Com-

315 2633 471 2668 mune
500 2617 709 2685 fanum,
736 2619 933 2669 sactum
958 2636 1242 2671 commune
1263 2664 1277 2686 ,
1307 2625 1362 2674 &
1400 2638 1685 2673 commune
1720 2637 1882 2674 certa-

315 2707 436 2741 men
459 2691 691 2767 intellige
711 2738 725 2760 ,
754 2696 806 2743 in
828 2711 935 2743 uno
957 2692 1139 2766 aliquo
1177 2694 1379 2767 oppido
1410 2713 1438 2746 a
1471 2697 1631 2747 totius
1662 2699 1885 2751 Provin-

311 2767 405 2816 ciae
435 2771 813 2820 communitate
848 2770 1060 2822 editum.
1102 2771 1203 2822 His
1227 2770 1376 2821 sacris
1415 2768 1886 2843 certaiiiiiiibiiffiiie

316 2842 407 2909 qui
436 2857 651 2912 praeerat
681 2839 980 2917 Bffivcovp'pffi
1009 2845 1328 2909 vocabatur,
1355 2847 1438 2894 cui
1467 2862 1590 2897 cura
1619 2846 1880 2897 sacrorum

313 2911 664 2988 ludorumque
691 2919 832 2975 κοινεὸ
857 2919 892 2973 ὅ
919 2923 1113 2981 Βιθυνίας
1135 2961 1148 2984 ,
1171 2932 1230 2968 ut
1257 2919 1553 2995 Ἀσιαᾼχκς,
1577 2923 1658 2971 cui
1684 2919 1826 2977 κοινοᾶ
1847 2921 1881 2977 ἓ
1960 2928 1961 2931 ’

312 2988 487 3051 Ἀσίας.
507 2993 597 3043 De
617 2992 715 3044 hac
741 2993 1000 3066 postrema
1024 3010 1157 3044 voce
1182 2993 1414 3044 dicemus
1436 2999 1484 3044 in
1510 2997 1731 3045 nummis
1760 3010 1882 3053 po-

310 3073 398 3121 ΔΙ
420 3078 468 3128 Ω
486 3079 545 3123 Ν.
574 3068 710 3126 Vide
734 3075 784 3124 &
809 3077 1148 3128 ΓΑΛΑΤΩΝ
1186 3080 1291 3128 Ko
1310 3081 1332 3126 Ι
1352 3083 1517 3128 NON
1538 3116 1553 3138 ,
1592 3081 1880 3130 ΚΡΗΤΩΝ

1540 3146 1603 3199 Μ
1648 3147 1695 3218 iij
