2228 3428
342 220 419 255 ιη
789 189 1123 244 NUMMI
1184 188 1615 257 ANTIQUI

487 268 567 322 M.
595 260 791 317 Aurelii
816 282 1056 317 nummus
1085 281 1114 316 e
1145 262 1330 317 Museo
1349 265 1526 316 nostro
1545 307 1559 330 ‚
1586 267 1637 315 in
1659 282 1767 336 quo
1795 263 2049 336 Serapidis

486 352 645 412 caput
662 381 676 400 ,
697 354 815 390 cum
834 339 1035 406 modiO,
1052 339 1342 394 calathc'we.
1364 337 1584 403 Plinius,
1614 335 1702 391 lib.
1734 358 1783 393 v.
1805 337 1918 390 fecit.
1938 355 2050 391 xw.

487 420 736 469 Stratonis
773 422 914 465 turris
933 455 948 476 ,
980 414 1147 466 eadem
1171 413 1433 486 Caesarea,
1460 410 1527 462 ab
1573 419 1642 467 H
1647 411 1781 462 crode
1813 430 1918 486 rege
1945 428 2054 463 con-

488 490 602 540 dita
634 512 647 539 .-
694 506 818 541 nunc
846 488 1033 539 colonia
1065 495 1245 541 Prima
1269 487 1469 542 Flavia
1491 527 1508 549 ,
1543 504 1579 538 a
1606 494 1666 541 V
1663 485 1898 557 espafiano
1920 495 2054 554 Imp.

484 564 706 616 deduila.
738 565 914 616 Prima
943 576 1167 615 vocatur
1191 607 1205 629 ,
1249 563 1329 614 vel
1357 564 1597 616 Primana
1629 604 1644 627 ,
1683 559 1832 630 quod
1874 562 2053 631 primae

483 638 701 711 legionis
732 637 916 688 milites
949 635 1172 688 colonos
1199 636 1416 690 haberet
1442 680 1457 704 ,
1495 650 1553 686 ut
1590 637 1642 686 in
1670 632 2053 686 Arelatensium

484 731 705 765 nummo
750 713 1169 784 praemonuimus.
1229 711 1408 764 Flavia
1436 727 1465 761 a
1492 707 1785 781 Vespafiani
1826 710 2057 759 nomine.

485 787 738 860 Uipiauus
759 830 773 852 ,
801 786 888 842 hb.
919 805 970 840 L·
995 787 1201 858 Digest.
1237 788 1317 836 tit.
1342 801 1439 839 xv.
1463 784 1528 836 de
1560 781 1850 837 Censibus:
1879 787 2058 835 Divus

489 861 814 933 Vespastanus
858 858 1172 935 Caesarzenfi’s
1211 858 1389 913 colonos
1404 858 1568 926 fecit,
1603 863 1704 911 &Q
1739 858 2060 930 Hieronym.

486 939 541 987 in
567 936 765 990 Chron.
797 954 937 997 anno
960 957 973 989 1
993 955 1039 989 v,
1067 937 1287 1009 Olymp.
1312 951 1338 985 c
1357 952 1389 985 x
1410 952 1437 985 c
1457 955 1493 988 1.
1524 931 1750 989 Herodes
1781 931 2060 1006 Caesaream

487 1018 538 1062 in
562 1016 750 1063 nomine
782 1010 991 1084 Caefitris
1017 1010 1238 1063 condidit
1262 1051 1276 1072 ,
1301 1028 1405 1081 quae
1426 1014 1569 1077 prius
1601 1014 1775 1063 Turris
1811 1013 2060 1063 Stratonis

486 1085 778 1139 vocabatur.
828 1089 887 1139 In
914 1086 1126 1138 vetustis
1155 1082 1574 1158 inscriptionibus
1601 1084 1836 1134 nondum
1872 1099 2058 1133 occur-

485 1163 584 1227 rit,
616 1168 773 1235 Legio
794 1168 960 1228 prima
987 1159 1203 1213 Flavia.
1250 1164 1324 1214 At
1359 1159 1554 1213 LEG.
1598 1159 1695 1212 111.
1740 1156 1909 1209 LEG.
1956 1159 2055 1210 IV.

488 1237 586 1288 LE
607 1237 679 1290 G.
716 1239 781 1290 X.
832 1241 885 1289 δε
927 1237 1024 1289 LE
1047 1236 1118 1289 G.
1160 1235 1335 1289 XVI.
1381 1251 1498 1285 cum
1542 1230 1930 1286 FLAVIAE
1965 1246 2060 1302 ap..

488 1308 804 1380 pellatione,
830 1310 1019 1381 paffim.
1040 1312 1097 1363 N
1106 1326 1205 1360 unc
1232 1308 1305 1359 est
1329 1308 1543 1379 Casaz'r,
1570 1304 1853 1379 provinciae
1880 1319 2058 1379 caput,

488 1382 543 1433 la
574 1382 905 1451 Principaute‘
930 1382 987 1435 de
1018 1381 1254 1440 l’Hemz'r
1281 1382 1338 1432 de
1370 1380 1572 1453 Casair.

418 1457 483 1510 C.
516 1462 573 1514 P.
604 1460 659 1510 F.
689 1458 738 1509 A
754 1462 802 1513 V
823 1459 895 1511 G.
939 1459 986 1511 C
1003 1459 1097 1512 ΑΕ
1118 1461 1147 1511 S
1168 1461 1213 1510 A
1234 1459 1287 1509 R
1304 1458 1343 1508 E
1365 1457 1428 1508 A.
1464 1455 1892 1510 Diadumeniani.

339 1529 387 1583 C
405 1534 478 1587 AE
498 1534 527 1586 S
548 1534 595 1585 A
615 1535 666 1586 R
682 1533 721 1584 E
744 1535 792 1585 A
822 1531 1090 1600 Philippi,
1114 1530 1182 1582 ab
1209 1529 1436 1586 Herodis
1464 1538 1556 1584 M.
1576 1530 1709 1583 ,Filio
1727 1527 1969 1599 Philippo
1997 1543 2061 1585 te..

483 1605 684 1660 trnrcha
700 1607 773 1679 sic
793 1605 1090 1675 appellata,
1100 1607 1188 1680 sou
1218 1611 1458 1666 Paneas,
1488 1623 1522 1656 a
1540 1603 1698 1669 fonte.

416 1682 620 1738 COL.
669 1681 1621 1737 CAESAREA.PH1L1PP1.
1648 1679 1868 1755 Augusti
1905 1696 2056 1733 num-

487 1775 599 1809 mus
616 1801 630 1824 ,
661 1773 688 1808 e
706 1756 976 1809 Thesauro
1005 1757 1227 1814 Goltzii.

418 1831 465 1885 C
490 1834 627 1887 OL.
691 1833 1188 1889 CAESAREA.
1250 1830 1610 1886 PANIAE.
1648 1833 1793 1899 Titi,
1824 1830 2061 1896 ibidem,

496 1924 615 1980 pag.
653 1931 676 1962 2
695 1916 778 1978 38.

413 1992 633 2040 KAIC.
674 1995 714 2040 C
741 1997 778 2041 E
807 1994 856 2038 B.
899 1994 1039 2041 IEP.
1076 1993 1235 2040 ΚΑΙ.
1297 1991 1475 2041 ACT.
1518 1989 1646 2036 ΥΠ.
1692 1989 1959 2041 ΠΑΝΕῙ
1986 1993 2056 2040 Ω,

491 2058 766 2129 Κοιισαρείας
791 2059 1011 2123 Σεζοις-ῆς
1035 2059 1162 2130 ἷερρῖς
1183 2062 1217 2130 25¹,
1246 2058 1426 2116 οἰσόλου
1458 2058 1604 2120 ’ἐπ-α’
1638 2059 1825 2129 nmio.
1853 2060 1934 2112 Μ.
1956 2060 2061 2111 Au-

490 2134 604 2184 relii
629 2151 870 2186 nummus
902 2179 915 2201 ‚
956 2135 1097 2209 apud
1122 2133 1400 2207 Spanhem.
1441 2132 1529 2186 lib.
1567 2131 1634 2183 de
1666 2133 1754 2185 usu
1795 2133 2058 2189 Numism.

491 2224 611 2280 pag.
650 2215 758 2279 985.
793 2209 990 2262 Plinius
1009 2253 1023 2276 ‚
1050 2209 1139 2262 lib.
1170 2227 1218 2260 v,
1250 2207 1366 2259 sebit.
1389 2227 1488 2260 xv,
1518 2206 1750 2259 Iordanis
1782 2213 1941 2260 amnis
1966 2214 2059 2258 ori.¹

491 2296 575 2331 tur
598 2301 622 2331 e
639 2281 783 2345 fonte
819 2282 1098 2342 Paneade,
1131 2286 1219 2350 qui
1248 2297 1500 2353 cognomen
1538 2277 1679 2330 dedit
1707 2281 1954 2355 Caesctreae.
1989 2284 2055 2336 Et

490 2351 607 2408 sect.
636 2373 668 2406 x
682 2375 714 2408 v
728 2377 763 2411 ι.
793 2363 1001 2411 Paneas
1016 2396 1031 2418 ‚
1051 2361 1102 2406 in
1129 2371 1229 2425 qua
1250 2354 1477 2427 Caesarea
1498 2372 1599 2405 cum
1606 2355 1886 2426 ficpradz'Ho
1891 2354 2048 2419 fonte.

491 2428 732 2482 Alterum
762 2432 809 2483 ei
836 2430 975 2483 fonti
1001 2446 1199 2483 nomen
1225 2435 1354 2483 Dan
1392 2428 1494 2481 fuit
1523 2453 1534 2482 ε
1566 2428 1734 2484 eidem
1760 2434 1901 2483 amni
1937 2429 2057 2483 fons

491 2502 648 2568 alter,
666 2506 791 2580 Jor:
817 2503 955 2558 unde
983 2522 1175 2559 nomen
1194 2505 1430 2577 jordani.

346 2579 395 2631 C
412 2577 460 2630 A
475 2578 518 2631 L
536 2579 583 2631 A
605 2578 658 2630 G
679 2583 727 2633 V
746 2583 796 2634 R
815 2582 837 2633 I
856 2582 905 2634 S.

412 2653 476 2706 M
492 2656 541 2707 V
557 2655 636 2707 N.
671 2654 719 2706 C
740 2656 788 2707 A
807 2655 864 2708 L.
902 2657 990 2710 IV
1005 2657 1086 2709 LI
1109 2659 1171 2711 A.
1199 2656 1418 2729 Augusti
1434 2673 1674 2707 nummus
1689 2701 1702 2723 ‚
1724 2655 1868 2729 apud
1887 2657 2055 2711 Patin.

488 2744 611 2800 pag.
631 2748 704 2799 34.
731 2747 871 2781 nunc
898 2747 1038 2803 gazae
1061 2733 1256 2805 Regiae.
1287 2735 1486 2786 MVN.
1533 2733 1579 2786 C
1597 2732 1646 2784 A
1667 2734 1709 2784 L
1728 2733 1775 2784 A
1795 2732 1865 2786 G.
1910 2733 2051 2788 IVL.

486 2802 710 2875 Augusti
740 2805 931 2876 pariter
950 2849 964 2871 ,
994 2822 1058 2857 ex
1086 2805 1274 2858 eodem
1310 2807 1559 2860 cimelio.

408 2877 492 2932 M.
540 2877 605 2930 C.
649 2879 692 2932 I.
745 2881 809 2935 C.
854 2880 1228 2939 CELERE.
1294 2882 2048 2936 C.RECTO.11VIR‚

486 2956 829 3020 Municipium
859 2954 1125 3028 Calaguris
1143 2954 1304 3013 Iulia.
1329 2965 1459 3011 Caio
1488 2956 1653 3011 Celere
1669 2997 1687 3018 ,
1722 2964 1852 3010 Ca‘io
1878 2956 2051 3016 ReHo,

479 3031 790 3104 Quamvinis.
822 3030 1025 3106 Tiberii
1048 3048 1292 3085 nummus
1321 3048 1350 3087 e
1378 3032 1603 3087 Cimelio
1629 3034 1821 3107 Regio,
1850 3031 2052 3155 Phffiss‘

1965 3122 1979 3155 1
2024 3146 2035 3157 .
