<?xml version="1.0" encoding="UTF-8"?>
<!DOCTYPE html PUBLIC "-//W3C//DTD XHTML 1.0 Transitional//EN"
    "http://www.w3.org/TR/xhtml1/DTD/xhtml1-transitional.dtd">
<html xmlns="http://www.w3.org/1999/xhtml" xml:lang="en" lang="en">
 <head>
  <title>
</title>
<meta http-equiv="Content-Type" content="text/html;charset=utf-8" />
  <meta name='ocr-system' content='tesseract 3.04.00' />
  <meta name='ocr-capabilities' content='ocr_page ocr_carea ocr_par ocr_line ocrx_word'/>
</head>
<body>
  <div class='ocr_page' id='page_1' title='image "./joannisharduinis00hard_0363.png"; bbox 0 0 2228 3428; ppageno 0'>
   <div class='ocr_carea' id='block_1_1' title="bbox 267 184 1949 1462">
    <p class='ocr_par' dir='ltr' id='par_1_1' title="bbox 734 184 1942 265">
     <span class='ocr_line' id='line_1_1' title="bbox 734 184 1942 265; baseline 0.002 -24"><span class='ocrx_word' id='word_1_1' title='bbox 734 184 1440 244; x_wconf 79' lang='lat' dir='ltr'>ILLUSTRATI.</span> <span class='ocrx_word' id='word_1_2' title='bbox 1846 195 1942 265; x_wconf 77' lang='lat'>335&#39;</span> 
     </span>
    </p>

    <p class='ocr_par' dir='ltr' id='par_1_2' title="bbox 289 262 1933 413">
     <span class='ocr_line' id='line_1_2' title="bbox 289 262 1933 331; baseline -0.001 -14"><span class='ocrx_word' id='word_1_3' title='bbox 289 314 292 317; x_wconf 86' lang='lat'>.</span> <span class='ocrx_word' id='word_1_4' title='bbox 360 275 412 322; x_wconf 85' lang='lat' dir='ltr'><strong>H</strong></span> <span class='ocrx_word' id='word_1_5' title='bbox 432 274 465 319; x_wconf 81' lang='grc' dir='ltr'>Ρ</span> <span class='ocrx_word' id='word_1_6' title='bbox 484 271 534 321; x_wconf 80' lang='grc' dir='ltr'><strong>Ω</strong></span> <span class='ocrx_word' id='word_1_7' title='bbox 552 273 575 319; x_wconf 90' lang='grc' dir='ltr'>Ῑ</span> <span class='ocrx_word' id='word_1_8' title='bbox 593 270 640 321; x_wconf 77' lang='grc' dir='ltr'>Δ</span> <span class='ocrx_word' id='word_1_9' title='bbox 661 275 704 321; x_wconf 87' lang='lat' dir='ltr'><strong>A</strong></span> <span class='ocrx_word' id='word_1_10' title='bbox 743 277 788 321; x_wconf 88' lang='lat' dir='ltr'>N</span> <span class='ocrx_word' id='word_1_11' title='bbox 805 275 956 322; x_wconf 79' lang='lat' dir='ltr'>ATC</span> <span class='ocrx_word' id='word_1_12' title='bbox 977 277 999 321; x_wconf 92' lang='grc' dir='ltr'>Ι</span> <span class='ocrx_word' id='word_1_13' title='bbox 1017 276 1060 322; x_wconf 87' lang='grc' dir='ltr'>Κ</span> <span class='ocrx_word' id='word_1_14' title='bbox 1078 278 1178 321; x_wconf 83' lang='grc' dir='ltr'>ΛΑ</span> <span class='ocrx_word' id='word_1_15' title='bbox 1196 278 1255 322; x_wconf 82' lang='grc' dir='ltr'>Ν.</span> <span class='ocrx_word' id='word_1_16' title='bbox 1285 265 1411 316; x_wconf 86' lang='lat' dir='ltr'>Filia</span> <span class='ocrx_word' id='word_1_17' title='bbox 1437 262 1550 316; x_wconf 82' lang='lat' dir='ltr'>haec</span> <span class='ocrx_word' id='word_1_18' title='bbox 1572 262 1788 318; x_wconf 76' lang='lat' dir='ltr'>Alcinoi</span> <span class='ocrx_word' id='word_1_19' title='bbox 1812 262 1933 331; x_wconf 84' lang='lat' dir='ltr'>fuit,</span> 
     </span>
     <span class='ocr_line' id='line_1_3' title="bbox 359 338 1933 413; baseline 0.001 -21"><span class='ocrx_word' id='word_1_20' title='bbox 359 341 637 392; x_wconf 82' lang='lat' dir='ltr'>Phaeacum</span> <span class='ocrx_word' id='word_1_21' title='bbox 663 342 825 413; x_wconf 77' lang='lat' dir='ltr'>regiS,</span> <span class='ocrx_word' id='word_1_22' title='bbox 857 340 998 411; x_wconf 88' lang='lat' dir='ltr'>cujus</span> <span class='ocrx_word' id='word_1_23' title='bbox 1027 340 1170 391; x_wconf 89' lang='lat' dir='ltr'>horti</span> <span class='ocrx_word' id='word_1_24' title='bbox 1202 338 1268 390; x_wconf 88' lang='lat' dir='ltr'>ab</span> <span class='ocrx_word' id='word_1_25' title='bbox 1298 342 1545 392; x_wconf 82' lang='lat' dir='ltr'>Homero</span> <span class='ocrx_word' id='word_1_26' title='bbox 1567 384 1580 407; x_wconf 86' lang='lat'>,</span> <span class='ocrx_word' id='word_1_27' title='bbox 1615 340 1788 393; x_wconf 87' lang='lat' dir='ltr'>Plinio</span> <span class='ocrx_word' id='word_1_28' title='bbox 1818 383 1832 407; x_wconf 89' lang='lat'>,</span> <span class='ocrx_word' id='word_1_29' title='bbox 1877 346 1933 394; x_wconf 73' lang='grc' dir='ltr'>δε</span> 
     </span>
    </p>

    <p class='ocr_par' dir='ltr' id='par_1_3' title="bbox 279 413 1949 843">
     <span class='ocr_line' id='line_1_4' title="bbox 279 413 1930 485; baseline -0.001 -18"><span class='ocrx_word' id='word_1_30' title='bbox 279 429 281 432; x_wconf 55' lang='lat'><strong>⁴</strong></span> <span class='ocrx_word' id='word_1_31' title='bbox 356 413 603 467; x_wconf 79' lang='lat' dir='ltr'>Martiale</span> <span class='ocrx_word' id='word_1_32' title='bbox 637 414 901 467; x_wconf 85' lang='lat' dir='ltr'>celebrati.</span> <span class='ocrx_word' id='word_1_33' title='bbox 953 415 1037 466; x_wconf 91' lang='lat' dir='ltr'>Sic</span> <span class='ocrx_word' id='word_1_34' title='bbox 1070 415 1121 463; x_wconf 92' lang='lat' dir='ltr'>in</span> <span class='ocrx_word' id='word_1_35' title='bbox 1157 425 1347 485; x_wconf 88' lang='lat' dir='ltr'>quarto</span> <span class='ocrx_word' id='word_1_36' title='bbox 1375 414 1491 464; x_wconf 82' lang='lat' dir='ltr'>casu</span> <span class='ocrx_word' id='word_1_37' title='bbox 1523 430 1794 466; x_wconf 86' lang='lat' dir='ltr'>nummum</span> <span class='ocrx_word' id='word_1_38' title='bbox 1824 416 1930 467; x_wconf 89' lang='lat' dir='ltr'>Po-</span> 
     </span>
     <span class='ocr_line' id='line_1_5' title="bbox 352 485 1926 561; baseline 0.001 -21"><span class='ocrx_word' id='word_1_39' title='bbox 352 489 504 540; x_wconf 84' lang='lat' dir='ltr'>sturni</span> <span class='ocrx_word' id='word_1_40' title='bbox 548 489 718 542; x_wconf 83' lang='lat' dir='ltr'>videas</span> <span class='ocrx_word' id='word_1_41' title='bbox 759 487 896 561; x_wconf 81' lang='lat' dir='ltr'>apud</span> <span class='ocrx_word' id='word_1_42' title='bbox 955 485 1255 540; x_wconf 85' lang='lat' dir='ltr'>Tristanum</span> <span class='ocrx_word' id='word_1_43' title='bbox 1289 530 1304 555; x_wconf 89' lang='lat'>,</span> <span class='ocrx_word' id='word_1_44' title='bbox 1362 486 1667 560; x_wconf 89' lang='lat' dir='ltr'>inscriptum</span> <span class='ocrx_word' id='word_1_45' title='bbox 1712 492 1926 558; x_wconf 79' lang='lat' dir='ltr'><strong>Latine,</strong></span> 
     </span>
     <span class='ocr_line' id='line_1_6' title="bbox 354 562 1949 634; baseline 0.002 -18"><span class='ocrx_word' id='word_1_46' title='bbox 354 564 411 616; x_wconf 85' lang='lat' dir='ltr'>H</span> <span class='ocrx_word' id='word_1_47' title='bbox 435 566 472 617; x_wconf 84' lang='lat' dir='ltr'><strong>E</strong></span> <span class='ocrx_word' id='word_1_48' title='bbox 496 568 543 619; x_wconf 88' lang='lat' dir='ltr'>R</span> <span class='ocrx_word' id='word_1_49' title='bbox 563 566 730 619; x_wconf 89' lang='lat' dir='ltr'>CVL</span> <span class='ocrx_word' id='word_1_50' title='bbox 750 569 786 619; x_wconf 87' lang='lat' dir='ltr'>E</span> <span class='ocrx_word' id='word_1_51' title='bbox 805 564 885 615; x_wconf 91' lang='lat' dir='ltr'>M.</span> <span class='ocrx_word' id='word_1_52' title='bbox 909 562 1421 632; x_wconf 83' lang='lat' dir='ltr'>EtapudPatinum,</span> <span class='ocrx_word' id='word_1_53' title='bbox 1443 579 1560 634; x_wconf 83' lang='lat' dir='ltr'>pag.</span> <span class='ocrx_word' id='word_1_54' title='bbox 1588 585 1694 634; x_wconf 84' lang='lat'>411.</span> <span class='ocrx_word' id='word_1_55' title='bbox 1724 565 1776 617; x_wconf 89' lang='lat' dir='ltr'>G</span> <span class='ocrx_word' id='word_1_56' title='bbox 1795 566 1949 619; x_wconf 83' lang='lat' dir='ltr'>AL.-</span> 
     </span>
     <span class='ocr_line' id='line_1_7' title="bbox 353 636 1928 694; baseline -0.004 -1"><span class='ocrx_word' id='word_1_57' title='bbox 353 640 738 694; x_wconf 88' lang='lat' dir='ltr'>LIENVM.</span> <span class='ocrx_word' id='word_1_58' title='bbox 775 636 974 689; x_wconf 89' lang='lat' dir='ltr'>AVG.</span> <span class='ocrx_word' id='word_1_59' title='bbox 1009 638 1067 690; x_wconf 92' lang='lat' dir='ltr'>P.</span> <span class='ocrx_word' id='word_1_60' title='bbox 1112 639 1178 689; x_wconf 90' lang='lat' dir='ltr'>R.</span> <span class='ocrx_word' id='word_1_61' title='bbox 1217 637 1348 688; x_wconf 90' lang='lat' dir='ltr'>OB.</span> <span class='ocrx_word' id='word_1_62' title='bbox 1391 638 1928 692; x_wconf 82' lang='lat' dir='ltr'><strong>CONSERVA-</strong></span> 
     </span>
     <span class='ocr_line' id='line_1_8' title="bbox 348 711 1947 787; baseline -0.001 -22"><span class='ocrx_word' id='word_1_63' title='bbox 348 715 437 767; x_wconf 93' lang='lat' dir='ltr'>TI</span> <span class='ocrx_word' id='word_1_64' title='bbox 460 718 512 768; x_wconf 90' lang='lat' dir='ltr'>O</span> <span class='ocrx_word' id='word_1_65' title='bbox 530 716 587 768; x_wconf 95' lang='lat' dir='ltr'>N</span> <span class='ocrx_word' id='word_1_66' title='bbox 610 715 645 766; x_wconf 87' lang='lat' dir='ltr'>E</span> <span class='ocrx_word' id='word_1_67' title='bbox 663 714 726 764; x_wconf 94' lang='lat' dir='ltr'>M</span> <span class='ocrx_word' id='word_1_68' title='bbox 768 714 798 765; x_wconf 89' lang='lat' dir='ltr'>S</span> <span class='ocrx_word' id='word_1_69' title='bbox 818 711 866 764; x_wconf 90' lang='lat' dir='ltr'>A</span> <span class='ocrx_word' id='word_1_70' title='bbox 883 712 926 763; x_wconf 94' lang='lat' dir='ltr'>L</span> <span class='ocrx_word' id='word_1_71' title='bbox 943 714 993 765; x_wconf 92' lang='lat' dir='ltr'>V</span> <span class='ocrx_word' id='word_1_72' title='bbox 1010 713 1060 764; x_wconf 94' lang='lat' dir='ltr'>T</span> <span class='ocrx_word' id='word_1_73' title='bbox 1080 712 1103 764; x_wconf 94' lang='lat' dir='ltr'>I</span> <span class='ocrx_word' id='word_1_74' title='bbox 1120 714 1149 765; x_wconf 86' lang='lat' dir='ltr'>S</span> <span class='ocrx_word' id='word_1_75' title='bbox 1171 754 1185 778; x_wconf 87' lang='lat'>,</span> <span class='ocrx_word' id='word_1_76' title='bbox 1216 711 1493 766; x_wconf 68' lang='lat' dir='ltr'>Gaffzemcm</span> <span class='ocrx_word' id='word_1_77' title='bbox 1532 716 1670 787; x_wconf 80' lang='lat' dir='ltr'>Aug.</span> <span class='ocrx_word' id='word_1_78' title='bbox 1701 712 1947 781; x_wconf 73' lang='lat' dir='ltr'>Populus..</span> 
     </span>
     <span class='ocr_line' id='line_1_9' title="bbox 349 794 495 843; baseline 0.021 -3"><span class='ocrx_word' id='word_1_79' title='bbox 349 794 495 843; x_wconf 73' lang='lat' dir='ltr'>Rom.</span> 
     </span>
    </p>

    <p class='ocr_par' dir='ltr' id='par_1_4' title="bbox 271 860 1927 1084">
     <span class='ocr_line' id='line_1_10' title="bbox 271 860 1927 937; baseline 0.001 -24"><span class='ocrx_word' id='word_1_80' title='bbox 271 871 328 920; x_wconf 80' lang='lat' dir='ltr'><strong>M</strong></span> <span class='ocrx_word' id='word_1_81' title='bbox 344 876 385 920; x_wconf 85' lang='grc' dir='ltr'>Υ</span> <span class='ocrx_word' id='word_1_82' title='bbox 403 876 443 918; x_wconf 87' lang='lat' dir='ltr'>T</span> <span class='ocrx_word' id='word_1_83' title='bbox 458 875 481 919; x_wconf 89' lang='lat'>1</span> <span class='ocrx_word' id='word_1_84' title='bbox 497 872 541 918; x_wconf 83' lang='lat' dir='ltr'>A</span> <span class='ocrx_word' id='word_1_85' title='bbox 556 875 605 919; x_wconf 86' lang='lat' dir='ltr'>H</span> <span class='ocrx_word' id='word_1_86' title='bbox 621 876 667 918; x_wconf 83' lang='lat' dir='ltr'>N</span> <span class='ocrx_word' id='word_1_87' title='bbox 683 875 723 917; x_wconf 83' lang='grc' dir='ltr'><strong>Α</strong></span> <span class='ocrx_word' id='word_1_88' title='bbox 744 873 766 917; x_wconf 91' lang='lat'>1</span> <span class='ocrx_word' id='word_1_89' title='bbox 787 874 837 920; x_wconf 76' lang='grc' dir='ltr'>Ω</span> <span class='ocrx_word' id='word_1_90' title='bbox 854 876 915 920; x_wconf 83' lang='lat' dir='ltr'>N.</span> <span class='ocrx_word' id='word_1_91' title='bbox 939 862 1179 913; x_wconf 86' lang='lat' dir='ltr'>Termini</span> <span class='ocrx_word' id='word_1_92' title='bbox 1207 863 1313 915; x_wconf 91' lang='lat' dir='ltr'>Dei</span> <span class='ocrx_word' id='word_1_93' title='bbox 1343 860 1685 916; x_wconf 80' lang='lat' dir='ltr'>simulacrum.</span> <span class='ocrx_word' id='word_1_94' title='bbox 1708 863 1784 916; x_wconf 81' lang='lat' dir='ltr'>Ex</span> <span class='ocrx_word' id='word_1_95' title='bbox 1804 880 1927 937; x_wconf 81' lang='lat' dir='ltr'>par-</span> 
     </span>
     <span class='ocr_line' id='line_1_11' title="bbox 345 937 1925 1011; baseline 0.002 -22"><span class='ocrx_word' id='word_1_96' title='bbox 345 954 396 989; x_wconf 85' lang='lat' dir='ltr'>te</span> <span class='ocrx_word' id='word_1_97' title='bbox 422 939 610 1004; x_wconf 82' lang='lat' dir='ltr'>altera,</span> <span class='ocrx_word' id='word_1_98' title='bbox 635 939 781 1011; x_wconf 86' lang='lat' dir='ltr'>Jovis</span> <span class='ocrx_word' id='word_1_99' title='bbox 818 939 1140 993; x_wconf 84' lang='lat' dir='ltr'>Hammonis</span> <span class='ocrx_word' id='word_1_100' title='bbox 1183 950 1373 1010; x_wconf 84' lang='lat' dir='ltr'>caput,</span> <span class='ocrx_word' id='word_1_101' title='bbox 1418 937 1557 1010; x_wconf 86' lang='lat' dir='ltr'>apud</span> <span class='ocrx_word' id='word_1_102' title='bbox 1597 938 1925 1008; x_wconf 77' lang='lat' dir='ltr'>Tristanum,</span> 
     </span>
     <span class='ocr_line' id='line_1_12' title="bbox 344 1018 1035 1084; baseline 0.009 -24"><span class='ocrx_word' id='word_1_103' title='bbox 344 1026 472 1063; x_wconf 88' lang='lat' dir='ltr'>tom.</span> <span class='ocrx_word' id='word_1_104' title='bbox 508 1034 544 1066; x_wconf 88' lang='lat'>1.</span> <span class='ocrx_word' id='word_1_105' title='bbox 574 1029 692 1084; x_wconf 69' lang='lat' dir='ltr'>pag.</span> <span class='ocrx_word' id='word_1_106' title='bbox 730 1018 859 1084; x_wconf 83' lang='lat'>696.</span> <span class='ocrx_word' id='word_1_107' title='bbox 1027 1022 1035 1029; x_wconf 86' lang='lat'>&#39;</span> 
     </span>
    </p>

    <p class='ocr_par' dir='ltr' id='par_1_5' title="bbox 267 1085 1924 1462">
     <span class='ocr_line' id='line_1_13' title="bbox 267 1085 1923 1146; baseline -0.006 -1"><span class='ocrx_word' id='word_1_108' title='bbox 267 1095 422 1145; x_wconf 76' lang='lat' dir='ltr'>IOT.</span> <span class='ocrx_word' id='word_1_109' title='bbox 470 1097 885 1146; x_wconf 87' lang='lat' dir='ltr'>HPOKAAN.</span> <span class='ocrx_word' id='word_1_110' title='bbox 919 1099 1021 1143; x_wconf 89' lang='grc' dir='ltr'>ΗΡ</span> <span class='ocrx_word' id='word_1_111' title='bbox 1041 1099 1091 1146; x_wconf 85' lang='grc' dir='ltr'>Ω</span> <span class='ocrx_word' id='word_1_112' title='bbox 1113 1097 1136 1141; x_wconf 94' lang='grc' dir='ltr'>Ι</span> <span class='ocrx_word' id='word_1_113' title='bbox 1156 1095 1203 1142; x_wconf 87' lang='grc' dir='ltr'>Δ</span> <span class='ocrx_word' id='word_1_114' title='bbox 1223 1098 1281 1141; x_wconf 92' lang='lat' dir='ltr'>A.</span> <span class='ocrx_word' id='word_1_115' title='bbox 1315 1087 1514 1142; x_wconf 83' lang='lat' dir='ltr'>Iuliam</span> <span class='ocrx_word' id='word_1_116' title='bbox 1539 1085 1771 1140; x_wconf 72' lang='lat' dir='ltr'>proclam</span> <span class='ocrx_word' id='word_1_117' title='bbox 1796 1095 1923 1142; x_wconf 74' lang='lat' dir='ltr'>He.</span> 
     </span>
     <span class='ocr_line' id='line_1_14' title="bbox 340 1162 1924 1236; baseline -0.002 -23"><span class='ocrx_word' id='word_1_118' title='bbox 340 1171 548 1232; x_wconf 56' lang='lat' dir='ltr'>reznam.</span> <span class='ocrx_word' id='word_1_119' title='bbox 578 1167 636 1216; x_wconf 90' lang='lat' dir='ltr'>In</span> <span class='ocrx_word' id='word_1_120' title='bbox 669 1166 844 1215; x_wconf 86' lang='lat' dir='ltr'>aversa</span> <span class='ocrx_word' id='word_1_121' title='bbox 873 1179 1021 1235; x_wconf 85' lang='lat' dir='ltr'>parte</span> <span class='ocrx_word' id='word_1_122' title='bbox 1044 1162 1245 1234; x_wconf 88' lang='lat' dir='ltr'>Apollo</span> <span class='ocrx_word' id='word_1_123' title='bbox 1281 1162 1632 1228; x_wconf 83' lang='lat' dir='ltr'>citharoedus,</span> <span class='ocrx_word' id='word_1_124' title='bbox 1661 1180 1783 1213; x_wconf 52' lang='lat' dir='ltr'>cumv</span> <span class='ocrx_word' id='word_1_125' title='bbox 1814 1166 1924 1236; x_wconf 82' lang='lat' dir='ltr'>epi-</span> 
     </span>
     <span class='ocr_line' id='line_1_15' title="bbox 339 1237 1922 1310; baseline 0.003 -23"><span class='ocrx_word' id='word_1_126' title='bbox 339 1239 1028 1310; x_wconf 66' lang='lat' dir='ltr'>graplie:EH1.CTPA.</span> <span class='ocrx_word' id='word_1_127' title='bbox 1065 1247 1295 1295; x_wconf 81' lang='grc' dir='ltr'><strong>ΑΠΟΛ</strong></span> <span class='ocrx_word' id='word_1_128' title='bbox 1318 1250 1362 1296; x_wconf 82' lang='grc' dir='ltr'><strong>Α</strong></span> <span class='ocrx_word' id='word_1_129' title='bbox 1385 1251 1557 1297; x_wconf 82' lang='grc' dir='ltr'>ΩΝΙ.</span> <span class='ocrx_word' id='word_1_130' title='bbox 1594 1249 1784 1295; x_wconf 83' lang='grc' dir='ltr'><strong>ΜΥΤ.</strong></span> <span class='ocrx_word' id='word_1_131' title='bbox 1818 1237 1922 1293; x_wconf 79' lang='lat' dir='ltr'>Sub</span> 
     </span>
     <span class='ocr_line' id='line_1_16' title="bbox 339 1314 1919 1392; baseline 0.001 -29"><span class='ocrx_word' id='word_1_132' title='bbox 339 1320 562 1368; x_wconf 76' lang='lat' dir='ltr'>Praetore</span> <span class='ocrx_word' id='word_1_133' title='bbox 582 1316 843 1385; x_wconf 71' lang='lat' dir='ltr'>Apoffom&#39;o</span> <span class='ocrx_word' id='word_1_134' title='bbox 860 1324 937 1369; x_wconf 86' lang='lat' dir='ltr'><em>M</em></span> <span class='ocrx_word' id='word_1_135' title='bbox 927 1314 1271 1392; x_wconf 74' lang='lat' dir='ltr'>ytzlenaeorum.</span> <span class='ocrx_word' id='word_1_136' title='bbox 1289 1314 1448 1388; x_wconf 87' lang='lat' dir='ltr'>Apud</span> <span class='ocrx_word' id='word_1_137' title='bbox 1467 1316 1772 1386; x_wconf 81' lang='lat' dir='ltr'>Seguinum,</span> <span class='ocrx_word' id='word_1_138' title='bbox 1786 1330 1919 1387; x_wconf 79' lang='lat' dir='ltr'>pag,</span> 
     </span>
     <span class='ocr_line' id='line_1_17' title="bbox 347 1390 1924 1462; baseline -0.004 -20"><span class='ocrx_word' id='word_1_139' title='bbox 347 1395 424 1442; x_wconf 85' lang='lat'>61.</span> <span class='ocrx_word' id='word_1_140' title='bbox 456 1392 559 1442; x_wconf 87' lang='lat' dir='ltr'>Cui</span> <span class='ocrx_word' id='word_1_141' title='bbox 576 1409 688 1462; x_wconf 83' lang='lat' dir='ltr'>quae</span> <span class='ocrx_word' id='word_1_142' title='bbox 706 1391 894 1444; x_wconf 83' lang='lat' dir='ltr'>Procla</span> <span class='ocrx_word' id='word_1_143' title='bbox 913 1408 975 1442; x_wconf 83' lang='lat' dir='ltr'>ea</span> <span class='ocrx_word' id='word_1_144' title='bbox 996 1390 1084 1456; x_wconf 78' lang='lat' dir='ltr'>fit,</span> <span class='ocrx_word' id='word_1_145' title='bbox 1104 1393 1492 1462; x_wconf 87' lang='lat' dir='ltr'>incompertum</span> <span class='ocrx_word' id='word_1_146' title='bbox 1515 1390 1629 1442; x_wconf 83' lang='lat' dir='ltr'>fuit.</span> <span class='ocrx_word' id='word_1_147' title='bbox 1658 1391 1779 1442; x_wconf 83' lang='lat' dir='ltr'>Nos</span> <span class='ocrx_word' id='word_1_148' title='bbox 1799 1390 1924 1441; x_wconf 84' lang='lat' dir='ltr'>Pro-</span> 
     </span>
    </p>
   </div>
   <div class='ocr_carea' id='block_1_2' title="bbox 337 1463 1922 1687">
    <p class='ocr_par' dir='ltr' id='par_1_6' title="bbox 337 1463 1922 1687">
     <span class='ocr_line' id='line_1_18' title="bbox 340 1463 1922 1538; baseline 0 -24"><span class='ocrx_word' id='word_1_149' title='bbox 340 1464 406 1514; x_wconf 87' lang='lat' dir='ltr'>cli</span> <span class='ocrx_word' id='word_1_150' title='bbox 445 1465 574 1517; x_wconf 80' lang='lat' dir='ltr'>illius</span> <span class='ocrx_word' id='word_1_151' title='bbox 599 1464 756 1517; x_wconf 83' lang='lat' dir='ltr'>filiam</span> <span class='ocrx_word' id='word_1_152' title='bbox 797 1463 899 1518; x_wconf 83' lang='lat' dir='ltr'>esse</span> <span class='ocrx_word' id='word_1_153' title='bbox 928 1482 1268 1538; x_wconf 79' lang='lat' dir='ltr'>auguramur,</span> <span class='ocrx_word' id='word_1_154' title='bbox 1306 1481 1462 1536; x_wconf 84' lang='lat' dir='ltr'>quem</span> <span class='ocrx_word' id='word_1_155' title='bbox 1509 1474 1557 1519; x_wconf 85' lang='grc' dir='ltr'>ΓΙ</span> <span class='ocrx_word' id='word_1_156' title='bbox 1579 1473 1791 1520; x_wconf 83' lang='grc' dir='ltr'><strong>ΡΟΚΛ</strong></span> <span class='ocrx_word' id='word_1_157' title='bbox 1811 1477 1855 1521; x_wconf 85' lang='lat' dir='ltr'>O</span> <span class='ocrx_word' id='word_1_158' title='bbox 1874 1476 1922 1523; x_wconf 77' lang='grc' dir='ltr'>Ν</span> 
     </span>
     <span class='ocr_line' id='line_1_19' title="bbox 337 1539 1919 1614; baseline -0.006 -19"><span class='ocrx_word' id='word_1_159' title='bbox 337 1550 386 1594; x_wconf 86' lang='lat' dir='ltr'>H</span> <span class='ocrx_word' id='word_1_160' title='bbox 406 1553 440 1595; x_wconf 87' lang='grc' dir='ltr'>Ρ</span> <span class='ocrx_word' id='word_1_161' title='bbox 457 1554 507 1598; x_wconf 89' lang='grc' dir='ltr'>Ω</span> <span class='ocrx_word' id='word_1_162' title='bbox 527 1554 568 1595; x_wconf 90' lang='lat' dir='ltr'><strong>A</strong></span> <span class='ocrx_word' id='word_1_163' title='bbox 587 1539 901 1611; x_wconf 80' lang='lat' dir='ltr'>Thyatireni</span> <span class='ocrx_word' id='word_1_164' title='bbox 935 1541 1127 1611; x_wconf 87' lang='lat' dir='ltr'>pariter</span> <span class='ocrx_word' id='word_1_165' title='bbox 1159 1553 1356 1589; x_wconf 85' lang='lat' dir='ltr'>vocant</span> <span class='ocrx_word' id='word_1_166' title='bbox 1371 1581 1386 1604; x_wconf 76' lang='lat'>,</span> <span class='ocrx_word' id='word_1_167' title='bbox 1416 1540 1466 1589; x_wconf 91' lang='lat' dir='ltr'>in</span> <span class='ocrx_word' id='word_1_168' title='bbox 1487 1539 1688 1590; x_wconf 88' lang='lat' dir='ltr'>vetusta</span> <span class='ocrx_word' id='word_1_169' title='bbox 1706 1539 1919 1614; x_wconf 67' lang='lat' dir='ltr'>inscrip-</span> 
     </span>
     <span class='ocr_line' id='line_1_20' title="bbox 338 1610 1633 1687; baseline 0.001 -23"><span class='ocrx_word' id='word_1_170' title='bbox 338 1618 513 1682; x_wconf 80' lang='lat' dir='ltr'>tione,</span> <span class='ocrx_word' id='word_1_171' title='bbox 544 1633 698 1685; x_wconf 84' lang='lat' dir='ltr'>quam</span> <span class='ocrx_word' id='word_1_172' title='bbox 731 1615 954 1687; x_wconf 85' lang='lat' dir='ltr'>Sponius</span> <span class='ocrx_word' id='word_1_173' title='bbox 975 1610 1193 1665; x_wconf 82' lang='lat' dir='ltr'>affertin</span> <span class='ocrx_word' id='word_1_174' title='bbox 1223 1614 1401 1666; x_wconf 84' lang='lat' dir='ltr'>Itiner.</span> <span class='ocrx_word' id='word_1_175' title='bbox 1434 1613 1633 1667; x_wconf 85' lang='lat' dir='ltr'>Athen.</span> 
     </span>
    </p>
   </div>
   <div class='ocr_carea' id='block_1_3' title="bbox 186 1698 1920 1977">
    <p class='ocr_par' dir='ltr' id='par_1_7' title="bbox 186 1698 1920 1977">
     <span class='ocr_line' id='line_1_21' title="bbox 278 1698 1822 1748; baseline 0.001 -3"><span class='ocrx_word' id='word_1_176' title='bbox 278 1699 328 1745; x_wconf 88' lang='lat' dir='ltr'><strong>H</strong></span> <span class='ocrx_word' id='word_1_177' title='bbox 373 1701 811 1748; x_wconf 88' lang='lat' dir='ltr'>KPATICTH</span> <span class='ocrx_word' id='word_1_178' title='bbox 853 1699 1496 1747; x_wconf 83' lang='grc' dir='ltr'>ΘΥΑΤΕΙΡΙ-ῙΝΩΝ</span> <span class='ocrx_word' id='word_1_179' title='bbox 1536 1698 1822 1746; x_wconf 82' lang='grc' dir='ltr'><strong>ΒΟΥΛΗ</strong></span> 
     </span>
     <span class='ocr_line' id='line_1_22' title="bbox 186 1774 1920 1825; baseline 0.001 -3"><span class='ocrx_word' id='word_1_180' title='bbox 186 1774 522 1825; x_wconf 83' lang='grc' dir='ltr'>ΚΑΩΔΙΟΝ</span> <span class='ocrx_word' id='word_1_181' title='bbox 562 1777 724 1823; x_wconf 86' lang='grc' dir='ltr'>ΑΥΡ.</span> <span class='ocrx_word' id='word_1_182' title='bbox 768 1777 1106 1824; x_wconf 84' lang='grc' dir='ltr'>ΠΡΟΚΛΟΝ</span> <span class='ocrx_word' id='word_1_183' title='bbox 1137 1777 1334 1823; x_wconf 80' lang='grc' dir='ltr'>ΗΡΩΑ</span> <span class='ocrx_word' id='word_1_184' title='bbox 1375 1777 1613 1822; x_wconf 83' lang='grc' dir='ltr'><strong>ΛΝΔΡΑ</strong></span> <span class='ocrx_word' id='word_1_185' title='bbox 1652 1776 1920 1824; x_wconf 82' lang='grc' dir='ltr'>ΕΥΓΕΝΗ</span> 
     </span>
     <span class='ocr_line' id='line_1_23' title="bbox 307 1852 1792 1901; baseline -0.001 -2"><span class='ocrx_word' id='word_1_186' title='bbox 307 1852 455 1899; x_wconf 87' lang='grc' dir='ltr'>ΕΠῙ</span> <span class='ocrx_word' id='word_1_187' title='bbox 499 1854 996 1901; x_wconf 85' lang='lat' dir='ltr'>CEMNOTHTI</span> <span class='ocrx_word' id='word_1_188' title='bbox 1038 1853 1237 1900; x_wconf 85' lang='grc' dir='ltr'>ΒΙΟΥ</span> <span class='ocrx_word' id='word_1_189' title='bbox 1286 1854 1431 1899; x_wconf 87' lang='grc' dir='ltr'>ΚΑΙ</span> <span class='ocrx_word' id='word_1_190' title='bbox 1477 1853 1792 1898; x_wconf 81' lang='lat' dir='ltr'>APXAIC</span> 
     </span>
     <span class='ocr_line' id='line_1_24' title="bbox 415 1927 1666 1977; baseline -0.002 -1"><span class='ocrx_word' id='word_1_191' title='bbox 415 1930 569 1976; x_wconf 88' lang='grc' dir='ltr'>ΚΑΙ</span> <span class='ocrx_word' id='word_1_192' title='bbox 618 1929 1290 1977; x_wconf 76' lang='lat' dir='ltr'>AEITOTPFEIAIC</span> <span class='ocrx_word' id='word_1_193' title='bbox 1337 1927 1666 1974; x_wconf 79' lang='lat' dir='ltr'>HACAIC</span> 
     </span>
    </p>
   </div>
   <div class='ocr_carea' id='block_1_4' title="bbox 332 2003 1921 2150">
    <p class='ocr_par' dir='ltr' id='par_1_8' title="bbox 332 2003 1921 2150">
     <span class='ocr_line' id='line_1_25' title="bbox 357 2003 1748 2052; baseline -0.006 0"><span class='ocrx_word' id='word_1_194' title='bbox 357 2004 516 2052; x_wconf 72' lang='lat' dir='ltr'>AIA</span> <span class='ocrx_word' id='word_1_195' title='bbox 561 2005 657 2050; x_wconf 89' lang='lat' dir='ltr'>TE</span> <span class='ocrx_word' id='word_1_196' title='bbox 696 2005 971 2051; x_wconf 86' lang='grc' dir='ltr'>ΑΥΤΟΥ</span> <span class='ocrx_word' id='word_1_197' title='bbox 1014 2004 1160 2049; x_wconf 85' lang='grc' dir='ltr'>ΚΑΙ</span> <span class='ocrx_word' id='word_1_198' title='bbox 1198 2004 1359 2050; x_wconf 85' lang='grc' dir='ltr'>ΤΟΥ</span> <span class='ocrx_word' id='word_1_199' title='bbox 1401 2003 1748 2051; x_wconf 75' lang='grc' dir='ltr'><strong>ΓΕΝΟΥΟ,</strong></span> 
     </span>
     <span class='ocr_line' id='line_1_26' title="bbox 332 2064 1921 2150; baseline 0 -30"><span class='ocrx_word' id='word_1_200' title='bbox 332 2070 554 2150; x_wconf 74' lang='lat' dir='ltr'>Inclytus</span> <span class='ocrx_word' id='word_1_201' title='bbox 601 2068 1018 2146; x_wconf 76' lang='lat' dir='ltr'><em>Thyatirenorum</em></span> <span class='ocrx_word' id='word_1_202' title='bbox 1077 2074 1282 2122; x_wconf 81' lang='lat' dir='ltr'>Senatus</span> <span class='ocrx_word' id='word_1_203' title='bbox 1331 2064 1601 2122; x_wconf 72' lang='lat' dir='ltr'>Claudium</span> <span class='ocrx_word' id='word_1_204' title='bbox 1653 2067 1921 2122; x_wconf 79' lang='lat' dir='ltr'>Aurelium</span> 
     </span>
    </p>
   </div>
   <div class='ocr_carea' id='block_1_5' title="bbox 326 2140 1921 2594">
    <p class='ocr_par' dir='ltr' id='par_1_9' title="bbox 326 2140 1921 2594">
     <span class='ocr_line' id='line_1_27' title="bbox 331 2140 1918 2211; baseline -0.001 -16"><span class='ocrx_word' id='word_1_205' title='bbox 331 2143 563 2200; x_wconf 77' lang='lat' dir='ltr'>,Proclum</span> <span class='ocrx_word' id='word_1_206' title='bbox 594 2153 854 2211; x_wconf 53' lang='lat' dir='ltr'>Herac‘Jm,</span> <span class='ocrx_word' id='word_1_207' title='bbox 889 2151 1070 2199; x_wconf 78' lang='lat' dir='ltr'>Virum</span> <span class='ocrx_word' id='word_1_208' title='bbox 1103 2141 1378 2208; x_wconf 76' lang='lat' dir='ltr'>Nobilem,</span> <span class='ocrx_word' id='word_1_209' title='bbox 1414 2140 1470 2193; x_wconf 88' lang='lat' dir='ltr'>ob</span> <span class='ocrx_word' id='word_1_210' title='bbox 1516 2149 1640 2194; x_wconf 79' lang='lat' dir='ltr'>vitae</span> <span class='ocrx_word' id='word_1_211' title='bbox 1676 2143 1918 2205; x_wconf 61' lang='lat' dir='ltr'>fanflzta-</span> 
     </span>
     <span class='ocr_line' id='line_1_28' title="bbox 331 2215 1921 2295; baseline 0.001 -23"><span class='ocrx_word' id='word_1_212' title='bbox 331 2235 429 2272; x_wconf 72' lang='lat' dir='ltr'>tem</span> <span class='ocrx_word' id='word_1_213' title='bbox 459 2262 474 2283; x_wconf 86' lang='lat'>,</span> <span class='ocrx_word' id='word_1_214' title='bbox 519 2219 955 2295; x_wconf 73' lang='lat' dir='ltr'>Magistratusque</span> <span class='ocrx_word' id='word_1_215' title='bbox 978 2260 994 2281; x_wconf 89' lang='grc'>,</span> <span class='ocrx_word' id='word_1_216' title='bbox 1038 2215 1098 2280; x_wconf 58' lang='lat' dir='ltr'>(ff</span> <span class='ocrx_word' id='word_1_217' title='bbox 1131 2221 1295 2283; x_wconf 78' lang='lat' dir='ltr'>officia</span> <span class='ocrx_word' id='word_1_218' title='bbox 1335 2224 1498 2270; x_wconf 76' lang='lat' dir='ltr'>omnia</span> <span class='ocrx_word' id='word_1_219' title='bbox 1519 2232 1612 2286; x_wconf 85' lang='lat' dir='ltr'>per</span> <span class='ocrx_word' id='word_1_220' title='bbox 1639 2216 1921 2294; x_wconf 80' lang='lat' dir='ltr'>sesuosque</span> 
     </span>
     <span class='ocr_line' id='line_1_29' title="bbox 329 2292 1918 2370; baseline 0.003 -24"><span class='ocrx_word' id='word_1_221' title='bbox 329 2299 459 2370; x_wconf 71' lang='lat' dir='ltr'>gesta</span> <span class='ocrx_word' id='word_1_222' title='bbox 484 2294 856 2370; x_wconf 71' lang='lat' dir='ltr'>:subintellige</span> <span class='ocrx_word' id='word_1_223' title='bbox 891 2339 904 2363; x_wconf 87' lang='lat'>‚</span> <span class='ocrx_word' id='word_1_224' title='bbox 956 2307 1429 2362; x_wconf 80' lang='lat' dir='ltr'><strong>ETIMHCEN,</strong></span> <span class='ocrx_word' id='word_1_225' title='bbox 1459 2292 1642 2356; x_wconf 75' lang='lat' dir='ltr'>coluit,</span> <span class='ocrx_word' id='word_1_226' title='bbox 1676 2295 1823 2367; x_wconf 87' lang='lat' dir='ltr'>quod</span> <span class='ocrx_word' id='word_1_227' title='bbox 1863 2300 1918 2350; x_wconf 84' lang='lat' dir='ltr'>in</span> 
     </span>
     <span class='ocr_line' id='line_1_30' title="bbox 326 2369 1917 2446; baseline -0.001 -24"><span class='ocrx_word' id='word_1_228' title='bbox 326 2371 428 2422; x_wconf 84' lang='lat' dir='ltr'>alia</span> <span class='ocrx_word' id='word_1_229' title='bbox 456 2369 794 2445; x_wconf 82' lang='lat' dir='ltr'>inscriptione</span> <span class='ocrx_word' id='word_1_230' title='bbox 820 2370 959 2445; x_wconf 82' lang='lat' dir='ltr'>apud</span> <span class='ocrx_word' id='word_1_231' title='bbox 989 2372 1213 2422; x_wconf 88' lang='lat' dir='ltr'>eundem</span> <span class='ocrx_word' id='word_1_232' title='bbox 1251 2374 1502 2444; x_wconf 87' lang='lat' dir='ltr'>Sponium</span> <span class='ocrx_word' id='word_1_233' title='bbox 1539 2371 1713 2421; x_wconf 88' lang='lat' dir='ltr'>videas</span> <span class='ocrx_word' id='word_1_234' title='bbox 1744 2413 1758 2436; x_wconf 86' lang='lat'>,</span> <span class='ocrx_word' id='word_1_235' title='bbox 1795 2387 1917 2446; x_wconf 80' lang='lat' dir='ltr'>pag,</span> 
     </span>
     <span class='ocr_line' id='line_1_31' title="bbox 331 2445 1917 2517; baseline -0.003 -14"><span class='ocrx_word' id='word_1_236' title='bbox 331 2467 432 2516; x_wconf 81' lang='lat'>130.</span> <span class='ocrx_word' id='word_1_237' title='bbox 466 2452 519 2501; x_wconf 65' lang='grc' dir='ltr'>ὃς</span> <span class='ocrx_word' id='word_1_238' title='bbox 553 2467 643 2517; x_wconf 82' lang='lat'>132.</span> <span class='ocrx_word' id='word_1_239' title='bbox 678 2448 742 2499; x_wconf 84' lang='lat' dir='ltr'>Et</span> <span class='ocrx_word' id='word_1_240' title='bbox 770 2446 870 2497; x_wconf 84' lang='lat' dir='ltr'>alia</span> <span class='ocrx_word' id='word_1_241' title='bbox 899 2445 1173 2517; x_wconf 80' lang='lat' dir='ltr'>Mytilenis</span> <span class='ocrx_word' id='word_1_242' title='bbox 1201 2461 1441 2517; x_wconf 85' lang='lat' dir='ltr'>reperta,</span> <span class='ocrx_word' id='word_1_243' title='bbox 1484 2445 1719 2498; x_wconf 86' lang='lat' dir='ltr'>Grutero</span> <span class='ocrx_word' id='word_1_244' title='bbox 1754 2445 1917 2516; x_wconf 79' lang='lat' dir='ltr'>teste,</span> 
     </span>
     <span class='ocr_line' id='line_1_32' title="bbox 332 2531 1906 2594; baseline 0.004 -22"><span class='ocrx_word' id='word_1_245' title='bbox 332 2538 452 2594; x_wconf 82' lang='lat' dir='ltr'>pag.</span> <span class='ocrx_word' id='word_1_246' title='bbox 492 2541 599 2576; x_wconf 84' lang='lat' dir='ltr'>Mx</span> <span class='ocrx_word' id='word_1_247' title='bbox 633 2542 665 2577; x_wconf 85' lang='lat' dir='ltr'><strong>c</strong></span> <span class='ocrx_word' id='word_1_248' title='bbox 696 2544 733 2576; x_wconf 90' lang='lat'>1.</span> <span class='ocrx_word' id='word_1_249' title='bbox 798 2535 860 2577; x_wconf 90' lang='lat' dir='ltr'>A.</span> <span class='ocrx_word' id='word_1_250' title='bbox 894 2531 1186 2578; x_wconf 88' lang='grc' dir='ltr'><strong>ΒΟΥΛΑ.</strong></span> <span class='ocrx_word' id='word_1_251' title='bbox 1249 2532 1395 2578; x_wconf 89' lang='grc' dir='ltr'>ΚΑΙ</span> <span class='ocrx_word' id='word_1_252' title='bbox 1455 2534 1516 2579; x_wconf 90' lang='lat' dir='ltr'>O.</span> <span class='ocrx_word' id='word_1_253' title='bbox 1579 2532 1906 2582; x_wconf 75' lang='lat' dir='ltr'>AAMOC.</span> 
     </span>
    </p>
   </div>
   <div class='ocr_carea' id='block_1_6' title="bbox 331 2604 1920 2745">
    <p class='ocr_par' dir='ltr' id='par_1_10' title="bbox 331 2604 1920 2745">
     <span class='ocr_line' id='line_1_33' title="bbox 331 2604 1920 2656; baseline -0.002 -4"><span class='ocrx_word' id='word_1_254' title='bbox 331 2607 897 2656; x_wconf 87' lang='lat' dir='ltr'>ETEIMACCEN.</span> <span class='ocrx_word' id='word_1_255' title='bbox 934 2608 1034 2653; x_wconf 89' lang='grc' dir='ltr'>ΑΥ</span> <span class='ocrx_word' id='word_1_256' title='bbox 1056 2611 1107 2654; x_wconf 83' lang='grc' dir='ltr'>Ρ.</span> <span class='ocrx_word' id='word_1_257' title='bbox 1143 2608 1795 2654; x_wconf 84' lang='grc' dir='ltr'>ΑΡΤΕΜῙΔΩΡΟΝ.</span> <span class='ocrx_word' id='word_1_258' title='bbox 1828 2604 1920 2652; x_wconf 85' lang='lat' dir='ltr'>Se-</span> 
     </span>
     <span class='ocr_line' id='line_1_34' title="bbox 331 2670 1918 2745; baseline 0.003 -25"><span class='ocrx_word' id='word_1_259' title='bbox 331 2687 475 2722; x_wconf 78' lang='lat' dir='ltr'>natus</span> <span class='ocrx_word' id='word_1_260' title='bbox 525 2671 840 2745; x_wconf 69' lang='lat' dir='ltr'>populusque</span> <span class='ocrx_word' id='word_1_261' title='bbox 902 2670 1167 2725; x_wconf 73' lang='lat' dir='ltr'>honoravit</span> <span class='ocrx_word' id='word_1_262' title='bbox 1209 2671 1469 2729; x_wconf 71' lang='lat' dir='ltr'>Aurelium</span> <span class='ocrx_word' id='word_1_263' title='bbox 1527 2672 1918 2730; x_wconf 69' lang='lat' dir='ltr'>Artemidorum.</span> 
     </span>
    </p>
   </div>
   <div class='ocr_carea' id='block_1_7' title="bbox 330 2747 1924 3144">
    <p class='ocr_par' dir='ltr' id='par_1_11' title="bbox 330 2747 1924 3144">
     <span class='ocr_line' id='line_1_35' title="bbox 331 2747 1918 2819; baseline 0.001 -20"><span class='ocrx_word' id='word_1_264' title='bbox 331 2747 551 2818; x_wconf 83' lang='lat' dir='ltr'>Nempe</span> <span class='ocrx_word' id='word_1_265' title='bbox 573 2747 793 2797; x_wconf 87' lang='lat' dir='ltr'>heroum</span> <span class='ocrx_word' id='word_1_266' title='bbox 823 2749 874 2797; x_wconf 90' lang='lat' dir='ltr'>in</span> <span class='ocrx_word' id='word_1_267' title='bbox 901 2765 1171 2799; x_wconf 87' lang='lat' dir='ltr'>numerum</span> <span class='ocrx_word' id='word_1_268' title='bbox 1201 2751 1336 2798; x_wconf 80' lang='lat' dir='ltr'>viros</span> <span class='ocrx_word' id='word_1_269' title='bbox 1363 2747 1692 2819; x_wconf 85' lang='lat' dir='ltr'>feminasque</span> <span class='ocrx_word' id='word_1_270' title='bbox 1719 2749 1918 2800; x_wconf 83' lang='lat' dir='ltr'>Princi-</span> 
     </span>
     <span class='ocr_line' id='line_1_36' title="bbox 336 2819 1921 2894; baseline 0.001 -24"><span class='ocrx_word' id='word_1_271' title='bbox 336 2836 428 2892; x_wconf 85' lang='lat' dir='ltr'>pes</span> <span class='ocrx_word' id='word_1_272' title='bbox 452 2819 753 2872; x_wconf 82' lang='lat' dir='ltr'>referebant</span> <span class='ocrx_word' id='word_1_273' title='bbox 770 2865 784 2887; x_wconf 78' lang='lat'>‚</span> <span class='ocrx_word' id='word_1_274' title='bbox 803 2840 1028 2892; x_wconf 85' lang='lat' dir='ltr'>quorum</span> <span class='ocrx_word' id='word_1_275' title='bbox 1054 2821 1306 2872; x_wconf 85' lang='lat' dir='ltr'>beneficia</span> <span class='ocrx_word' id='word_1_276' title='bbox 1328 2819 1494 2873; x_wconf 75' lang='lat' dir='ltr'>effent</span> <span class='ocrx_word' id='word_1_277' title='bbox 1512 2825 1744 2894; x_wconf 84' lang='lat' dir='ltr'>experti,</span> <span class='ocrx_word' id='word_1_278' title='bbox 1762 2839 1790 2872; x_wconf 85' lang='lat' dir='ltr'>a</span> <span class='ocrx_word' id='word_1_279' title='bbox 1808 2825 1921 2894; x_wconf 83' lang='lat' dir='ltr'>qui..</span> 
     </span>
     <span class='ocr_line' id='line_1_37' title="bbox 339 2891 1920 2967; baseline 0 -22"><span class='ocrx_word' id='word_1_280' title='bbox 339 2895 433 2945; x_wconf 86' lang='lat' dir='ltr'>bus</span> <span class='ocrx_word' id='word_1_281' title='bbox 463 2895 673 2947; x_wconf 85' lang='lat' dir='ltr'>salutem</span> <span class='ocrx_word' id='word_1_282' title='bbox 707 2902 759 2948; x_wconf 63' lang='grc' dir='ltr'>δε.</span> <span class='ocrx_word' id='word_1_283' title='bbox 784 2896 1204 2946; x_wconf 80' lang='lat' dir='ltr'>incolumitatem</span> <span class='ocrx_word' id='word_1_284' title='bbox 1224 2891 1557 2967; x_wconf 80' lang='lat' dir='ltr'>accepiffcnt.</span> <span class='ocrx_word' id='word_1_285' title='bbox 1587 2898 1671 2950; x_wconf 89' lang='lat' dir='ltr'>Sic</span> <span class='ocrx_word' id='word_1_286' title='bbox 1692 2898 1920 2948; x_wconf 84' lang='lat' dir='ltr'>Antoni-</span> 
     </span>
     <span class='ocr_line' id='line_1_38' title="bbox 333 2968 1924 3036; baseline 0.004 -17"><span class='ocrx_word' id='word_1_287' title='bbox 333 2986 458 3019; x_wconf 89' lang='lat' dir='ltr'>num</span> <span class='ocrx_word' id='word_1_288' title='bbox 477 2971 623 3023; x_wconf 91' lang='lat' dir='ltr'>Pium</span> <span class='ocrx_word' id='word_1_289' title='bbox 646 2969 878 3024; x_wconf 80' lang='lat' dir='ltr'>Sardiani</span> <span class='ocrx_word' id='word_1_290' title='bbox 896 2973 1139 3026; x_wconf 68' lang='lat' dir='ltr'>Heroem</span> <span class='ocrx_word' id='word_1_291' title='bbox 1162 2988 1224 3022; x_wconf 84' lang='lat' dir='ltr'>ex</span> <span class='ocrx_word' id='word_1_292' title='bbox 1254 2968 1425 3023; x_wconf 40' lang='lat' dir='ltr'>edicio</span> <span class='ocrx_word' id='word_1_293' title='bbox 1441 2970 1614 3023; x_wconf 89' lang='lat' dir='ltr'>fecere</span> <span class='ocrx_word' id='word_1_294' title='bbox 1632 3014 1647 3036; x_wconf 85' lang='lat'>,</span> <span class='ocrx_word' id='word_1_295' title='bbox 1677 2985 1733 3022; x_wconf 87' lang='lat' dir='ltr'>ut</span> <span class='ocrx_word' id='word_1_296' title='bbox 1758 2969 1924 3025; x_wconf 85' lang='lat' dir='ltr'>docet</span> 
     </span>
     <span class='ocr_line' id='line_1_39' title="bbox 330 3045 1921 3124; baseline 0.003 -28"><span class='ocrx_word' id='word_1_297' title='bbox 330 3058 481 3097; x_wconf 83' lang='lat' dir='ltr'>vetus</span> <span class='ocrx_word' id='word_1_298' title='bbox 497 3045 782 3121; x_wconf 83' lang='lat' dir='ltr'>inscripti0‚</span> <span class='ocrx_word' id='word_1_299' title='bbox 795 3046 936 3123; x_wconf 79' lang='lat' dir='ltr'>apud</span> <span class='ocrx_word' id='word_1_300' title='bbox 951 3050 982 3102; x_wconf 93' lang='lat' dir='ltr'>S</span> <span class='ocrx_word' id='word_1_301' title='bbox 988 3047 1231 3123; x_wconf 82' lang='lat' dir='ltr'>ponium,</span> <span class='ocrx_word' id='word_1_302' title='bbox 1243 3048 1295 3099; x_wconf 84' lang='lat' dir='ltr'>in</span> <span class='ocrx_word' id='word_1_303' title='bbox 1312 3048 1432 3103; x_wconf 85' lang='lat' dir='ltr'>Itin.</span> <span class='ocrx_word' id='word_1_304' title='bbox 1450 3045 1648 3102; x_wconf 78' lang='lat' dir='ltr'>Athen.</span> <span class='ocrx_word' id='word_1_305' title='bbox 1660 3062 1782 3124; x_wconf 82' lang='lat' dir='ltr'>pag.</span> <span class='ocrx_word' id='word_1_306' title='bbox 1800 3051 1921 3119; x_wconf 71' lang='lat'>146.</span> 
     </span>
     <span class='ocr_line' id='line_1_40' title="bbox 352 3122 381 3144; baseline 0 0"><span class='ocrx_word' id='word_1_307' title='bbox 352 3122 381 3144; x_wconf 59' lang='grc' dir='ltr'><em>Ὀ</em></span> 
     </span>
    </p>
   </div>
  </div>
 </body>
</html>
