2228 3428
669 222 1445 282 rLLusTRATL·
1829 225 1939 298 ῳς

362 295 666 372 ἕὶοῑόεηβπηι
687 340 701 361 ,
736 309 820 370 qm'
835 301 1150 356 Ptolemaide
1170 316 1353 373 agunt.
1384 296 1649 353 Nummus
1676 297 1936 353 Antiochi

363 374 467 428 IV.
502 377 665 448 Regis
694 378 873 447 Syriae,
908 393 935 427 e
958 375 1143 428 Museo
1176 375 1381 426 nostro:
1420 391 1576 445 quem
1606 389 1663 426 ut
1686 374 1935 447 explana-

360 463 441 499 ret
457 453 532 501 vir
549 450 776 502 eruditus
796 493 810 516 ,
834 449 1170 503 Antiochiam
1190 452 1238 498 in
1261 449 1600 501 Ptolemai'dis
1627 467 1755 523 agro
1785 443 1934 503 fuisse

356 519 588 595 aliquam
618 539 928 595 auguratur,
953 523 1291 595 scriptoribus
1332 521 1502 573 adhuc
1534 526 1930 597 incompertam.

358 597 592 652 Frustra:
625 616 744 650 cum
775 597 1152 650 Antiochenses
1177 595 1313 669 ipsos
1337 614 1363 648 e
1384 598 1536 668 Syriae
1564 599 1932 672 metropoliad

359 675 627 726 Orontem
660 717 675 739 ,
716 674 806 742 qui
836 673 1166 725 Ptolemaide
1191 669 1627 743 negotiabantur,
1655 674 1741 723 hic
1774 692 1929 725 num-

355 765 467 799 mus
488 748 698 800 indicet.
733 749 895 799 Fuere
927 764 1118 820 nempe
1146 747 1272 797 oiim
1294 790 1308 812 ,
1330 747 1402 796 uti
1432 747 1720 797 etiamnum
1749 745 1928 816 hodie,

354 824 406 874 in
439 823 718 893 majoribus
747 822 953 894 oppidis
981 867 995 889 ,
1030 823 1380 895 emporiisque
1411 818 1784 872 celebrioribus
1807 865 1820 887 ‚
1850 822 1927 872 di-

353 898 609 950 versatum
636 899 867 970 gentium
896 912 1214 948 mercatores
1230 940 1243 962 ,
1261 896 1353 947 suis
1370 898 1564 966 quique
1595 895 1702 948 fere
1723 895 1932 950 discreti

350 971 653 1044 regionibus
686 997 695 1025 ι
735 986 793 1023 ut
823 973 872 1021 in
904 972 1005 1045 ipsa
1040 971 1371 1024 Ptolemaide
1399 967 1547 1022 fuifl'e
1575 970 1755 1023 scimus
1791 987 1927 1023 tem-

348 1063 478 1119 pore
495 1046 617 1098 belli
636 1044 758 1097 sacri
777 1047 1136 1100 Genuenfium
1159 1049 1424 1120 regionem
1444 1090 1458 1112 ‚
1488 1062 1551 1096 ac
1578 1048 1923 1100 Venetorum:

347 1139 488 1174 nunc
518 1125 570 1172 in
602 1124 835 1174 Orientis
865 1121 1078 1174 urbibus
1101 1166 1115 1188 ,
1145 1123 1446 1196 Judaeorum
1473 1165 1487 1187 7
1531 1120 1893 1176 Lusitanorum
1913 1166 1928 1190 ,

348 1202 452 1251 &c.
504 1200 586 1251 Sic
618 1203 806 1253 Romae
836 1197 1105 1269 quondam
1127 1242 1140 1264 ,
1172 1198 1218 1250 C
1241 1199 1293 1249 O
1315 1199 1364 1249 R
1384 1198 1421 1249 P
1444 1199 1490 1250 V
1510 1199 1558 1250 S..
1622 1198 1679 1250 N
1704 1198 1742 1249 E
1769 1198 1820 1250 G
1842 1201 1927 1252 O-

345 1272 862 1329 TIANTIVM.
898 1271 1928 1345 MALACITANORVM‚apud

347 1348 640 1400 Gruterum
658 1392 672 1414 ‚
697 1366 814 1421 pag.
840 1356 965 1419 647.
986 1352 1052 1402 Et
1076 1366 1191 1421 pag.
1219 1368 1329 1418 377.
1361 1351 1443 1419 Q
1464 1348 1510 1399 C
1530 1349 1612 1400 AI
1638 1349 1722 1401 CI
1748 1350 1789 1401 L
1808 1351 1829 1400 I
1849 1350 1920 1403 O.

349 1424 412 1476 C.
443 1425 500 1478 F.
528 1425 910 1478 METELLO.
955 1425 1109 1477 IMP
1133 1427 1171 1477 E
1194 1427 1243 1477 R
1264 1425 1371 1477 AT
1395 1424 1446 1475 O
1467 1426 1517 1477 R
1536 1426 1576 1475 I.
1616 1423 1922 1477 ITALICI.

345 1499 542 1573 (ΗΕ
574 1502 613 1552 Ι.
655 1500 1030 1553 ARGEIS.
1071 1499 1812 1554 NEGOTIANTVR.
1856 1500 1926 1551 Et

345 1588 462 1644 pag.
490 1579 622 1642 498.
658 1578 708 1625 6.
742 1574 1022 1626 CIVES.
1071 1577 1121 1627 R
1148 1573 1432 1625 OMAN
1460 1577 1499 1628 Ι.
1530 1577 1668 1649 ·QV
1691 1576 1731 1627 I.
1770 1576 1828 1628 N
1855 1575 1924 1626 E-

276 1650 279 1653 ’
340 1647 941 1704 (ΞΟΤΙΑΝΤΧῙΚ.
982 1647 1375 1701 BRACAR.
1417 1647 1804 1704 AVGVST.
1835 1650 1927 1702 So-

339 1719 526 1774 lebant
544 1723 597 1775 hi
617 1741 779 1796 porro
805 1723 1009 1775 ordines
1029 1767 1042 1790 ,
1064 1721 1147 1776 vel
1168 1739 1409 1774 nummos
1439 1723 1631 1775 cudere
1650 1768 1664 1788 ,
1686 1723 1770 1775 vel
1792 1722 1928 1776 simi-

328 1797 407 1849 'lia
442 1800 597 1851 edere
624 1813 998 1865 monumenta,
1021 1801 1073 1850 in
1103 1799 1320 1872 gratiam
1347 1799 1577 1850 virorum
1607 1800 1924 1872 principum,

342 1878 397 1927 &
426 1876 810 1947 Imperatorum
832 1917 846 1940 ,
869 1893 1002 1944 quos
1029 1876 1282 1925 demereri
1308 1873 1514 1926 vellent.
1544 1876 1627 1928 Sic
1649 1874 1870 1927 laudatae
1893 1892 1922 1929 a

342 1947 497 2000 nobis
512 1948 682 2001 adlib.
724 1969 741 2002 1
769 1971 784 2003 1
813 1968 856 2001 1.
883 1948 1055 2013 Plinii,
1074 1949 1185 2001 sect.
1212 1947 1919 2020 ·111.Gruteriinscriptioni,

329 2039 372 2074 --e
411 2041 529 2096 pag.
577 2046 606 2076 2
627 2045 646 2096 5
666 2045 716 2095 7.
765 2023 974 2095 praefixa
1016 2022 1124 2074 haec
1167 2026 1328 2075 verba
1371 2023 1483 2073 sunt
1524 2048 1533 2076 ε
1580 2023 1660 2079 Μ.
1715 2026 1756 2074 Α
1784 2026 1829 2078 V
1853 2028 1921 2081 R.

338 2100 605 2153 VERO.
650 2101 829 2154 IMP.
877 2100 1100 2153 DIVI.
1138 2100 1337 2153 HAD
1364 2100 1431 2151 R.
1472 2099 1651 2153 ANT.
1699 2102 1743 2152 A
1769 2101 1817 2150 V
1843 2101 1915 2154 G.

342 2174 381 2225 P
411 2177 489 2228 ΙΙ.
544 2177 601 2227 P.
643 2177 699 2228 P.
743 2176 798 2229 F.
846 2174 1208 2231 SCAPHA
1233 2176 1915 2245 RILQV1.1VLIAE.

341 2251 862 2304 ROMVLEAE.
920 2243 1629 2306 NEGOTIANTES.
1668 2253 1750 2303 Sic
1777 2255 1919 2326 apud.

338 2326 591 2396 Sponium
612 2368 624 2389 ‚
654 2327 704 2375 in
734 2327 909 2377 Itiner.
938 2325 1130 2378 Athen.

159 2405 184 2436 ⁸·
235 2401 797 2473 QHERENNIO.
838 2401 1211 2455 ETRVSCO.
1259 2399 1548 2453 MESSI‘O.
1593 2402 1859 2457 DECIO.

245 2476 750 2530 NOBILISSIMO
790 2475 994 2528 CAES.
1032 2476 1371 2530 PRINCIPI
1406 2477 1869 2532 IVVENTVTIS

261 2552 452 2605 COS.
508 2552 775 2603 FILIO.
830 2553 1006 2605 IMP.
1061 2552 1291 2604 CAES.
1334 2552 1395 2603 C.
1451 2553 1723 2606 MESSI.
1764 2557 1876 2629 Q

254 2625 603 2679 TRAIANI.
643 2629 697 2679 D
716 2626 755 2677 E
776 2626 883 2678 CI.
921 2628 1064 2679 PII.
1103 2629 1140 2678 F
1161 2628 1199 2678 E
1218 2627 1359 2678 LIC
1377 2628 1399 2679 I
1420 2631 1466 2682 S.
1506 2629 1833 2684 INVICTI.

255 2698 436 2751 AVG.
473 2700 1047 2753 ARGENTARII
1089 2702 1182 2753 ET
1226 2703 1839 2759 EXCEPTORES

352 2774 695 2847 ITEMQ.
760 2774 1465 2830 NEGOTIANTES.
1524 2781 1765 2833 VINI.

444 2849 985 2903 SVPERNAT.
1050 2849 1655 2907 ET.AR1M1N.

257 2924 315 2978 D
336 2923 373 2974 E
395 2925 439 2975 V
460 2924 638 2977 ΟΤΙ.
682 2924 738 2975 N
760 2926 801 2974 V
823 2925 919 2977 MI
940 2925 1053 2978 NI.
1089 2924 1591 3002 MAIESTATIQ
1632 2930 1844 2983 EIVS.

331 2999 586 3069 Denique
615 2999 703 3069 qui
727 2998 1073 3050 Antiochiam
1099 3001 1149 3049 in
1177 2996 1518 3051 ptolemaidis
1550 3020 1678 3074 agro
1706 3006 1915 3074 quaerit,

332 3071 474 3125 idem
514 3076 670 3127 etiam
711 3072 951 3129 Athenas
987 3074 1043 3128 in
1071 3071 1233 3130 insula
1265 3073 1413 3129 Delo
1441 3076 1751 3152 investiget,
1779 3097 1916 3154 quo..
