2228 3428
676 208 702 262 I
733 209 777 263 L
810 207 854 262 L
883 205 933 264 U
960 208 990 264 S
1023 208 1076 263 T
1106 213 1157 270 R
1189 211 1238 264 A
1269 213 1318 266 T
1354 213 1397 268 I.
1873 243 1890 277 ι

333 298 438 357 que
460 281 695 356 Trajano
726 286 960 358 principe
992 284 1135 337 cusus
1166 304 1408 339 nummus
1433 287 1508 340 est
1543 332 1557 355 ,
1587 292 1726 365 apud
1768 241 1905 349 PZti.

331 377 456 411 num
484 403 498 426 ‚
552 377 665 434 pag.
702 380 822 431 179.
862 358 1156 427 Hadriani,
1203 377 1322 434 pag.
1367 382 1465 433 195.
1499 365 1759 421 Gordiani
1796 372 1903 440 Pii,

370 452 450 487 ao.
510 439 538 487 6
585 477 595 488 .

258 451 434 563 cclii?
476 455 631 565 1359&
661 507 1317 565 DECENNALES.
1371 510 1903 576 ANTONINI.

332 587 382 640 A
402 589 450 640 V
469 586 537 637 G.
570 585 692 636 III.
735 582 776 633 E
807 581 1034 635 Cimelio
1066 586 1257 656 Regio.
1290 586 1436 636 Vota
1457 603 1555 659 pro
1580 591 1908 664 Reipublicae

333 657 728 722 incolumitate,
754 670 866 708 tum
901 659 954 708 in
998 659 1447 729 quinquennium,
1484 676 1590 712 tum
1622 666 1672 714 in
1714 665 1905 721 decen„

333 736 474 785 nium
502 751 529 782 a
562 733 815 785 Romanis
848 734 1135 804 antiquitus
1170 750 1499 806 nuncupata,
1530 737 1702 789 Livius
1734 744 1909 813 paffim

336 807 508 861 tradit.
535 807 651 859 Lib.
686 828 702 859 1
731 829 773 860 1.
802 808 1013 858 decadis
1034 808 1226 873 tertiae,
1260 807 1516 861 Flaminio
1546 828 1663 863 cum
1692 813 1911 888 legioni-

336 882 431 934 bus
454 881 519 932 ad
547 880 929 953 Trasymenum
953 881 1018 933 ab
1045 882 1353 935 Hannibale
1382 882 1511 937 caeso
1540 929 1554 953 ,
1591 903 1720 940 vota
1758 894 1911 961 quin„

334 955 614 1028 quennalia
636 954 868 1029 suscepta
897 956 1012 1009 sunt
1029 1001 1042 1025 ,
1062 963 1120 1013 Si
1144 973 1214 1008 res
1243 960 1429 1026 Populi
1456 966 1673 1013 Romani
1699 983 1765 1014 ac
1785 971 1917 1039 Qj-

330 1037 495 1083 rz'tium
522 1032 593 1084 ad
629 1039 1013 1104 quinquennium
1049 1039 1323 1100 proximum
1339 1033 1503 1107 salva
1542 1037 1758 1109 fi’rvata
1806 1051 1911 1100 erit„

332 1105 454 1161 Lib.
475 1128 514 1161 1.
537 1106 723 1160 decad.
761 1129 777 1160 1
806 1129 821 1161 1
851 1131 892 1163 1.
926 1116 1081 1162 Caius
1105 1107 1322 1164 Atttlz'us
1348 1118 1557 1165 Semnus
1574 1119 1910 1171 Praetorvom

322 1182 566 1254 suscipere
584 1183 729 1255 juffics
749 1223 761 1244 ,
775 1183 828 1256 ſs
850 1191 900 1235 in
935 1184 1094 1236 decem
1123 1203 1272 1238 annos
1308 1185 1605 1260 Respublica
1640 1189 1800 1242 eodem
1816 1197 1914 1262 ste-

337 1250 465 1329 tiffi’t
482 1260 639 1329 statu.
703 1259 842 1311 Cum
873 1259 1063 1311 deinde
1093 1263 1240 1312 unius
1273 1261 1485 1314 Caesaris
1528 1263 1799 1317 dominatu
1837 1288 1915 1321 res

337 1336 448 1407 geri
475 1349 666 1406 coeptae
692 1333 805 1387 sunt
832 1379 846 1403 ‚
891 1350 1071 1408 coepta
1101 1353 1322 1407 quoque
1353 1339 1766 1409 quinquennalia
1789 1360 1915 1396 vota

338 1426 401 1461 ac
438 1406 744 1463 decennalia
783 1427 880 1480 pro
926 1412 1225 1482 Principum
1264 1411 1626 1464 incolumitate
1671 1420 1919 1490 concipi,

338 1501 457 1534 cum
484 1484 754 1554 imperium
774 1484 843 1535 illi
862 1486 913 1533 in
935 1486 1354 1555 quinquennium
1371 1527 1387 1550 ,
1409 1487 1814 1555 decenniumve,
1830 1493 1915 1544 vel

335 1559 391 1609 in
430 1555 580 1631 plura
622 1558 980 1629 quinquennia
1016 1559 1336 1610 decenniave
1371 1558 1702 1633 susciperent.
1761 1566 1919 1618 Tunc

339 1631 448 1684 ludi
481 1631 750 1685 Circenses
775 1635 890 1698 edi,
921 1632 1325 1706 gladiatoriique
1357 1678 1373 1701 ,
1413 1633 1522 1687 fieri
1566 1633 1701 1688 sacra
1721 1683 1737 1706 ,
1765 1656 1917 1692 vota-

341 1725 475 1780 que,
507 1713 560 1761 &
588 1724 784 1781 preces,
816 1707 893 1761 l-li
917 1706 1231 1759 decennales
1267 1707 1650 1783 ludiappellati
1683 1714 1733 1764 in
1765 1732 1920 1766 num..

338 1787 465 1849 miS,
497 1783 610 1835 haec
642 1782 945 1835 decennalia
967 1827 980 1849 ,
1005 1781 1263 1834 interdum
1295 1789 1348 1836 ὃς
1376 1787 1664 1838 vicennalia
1685 1833 1699 1855 ,
1729 1791 1922 1842 tricen..

339 1858 581 1932 naliaque
600 1901 614 1925 ‚
644 1857 750 1917 hoc
789 1858 895 1922 est,
922 1859 971 1909 in
1012 1860 1305 1910 vicennium
1328 1903 1341 1925 ,
1381 1862 1765 1915 tricenniumve
1795 1880 1926 1917 vota

337 1929 573 2005 suscepta
592 1976 606 1999 ‚
633 1934 922 2004 eademque
955 1934 1145 1985 deinde
1177 1952 1272 2007 pro
1303 1934 1560 1987 decennio
1590 1938 1922 2008 vicenniove,

340 2005 422 2058 vel
458 2009 713 2057 tricennio
740 2006 952 2057 demum
983 2004 1165 2060 soluta.

272 2081 320 2135 C
340 2083 392 2134 O
416 2081 476 2134 L.
518 2082 558 2131 B
580 2082 616 2133 E
640 2085 707 2135 R.
754 2079 1024 2152 Elagabali
1059 2100 1298 2134 nummus
1315 2127 1329 2150 ,
1353 2100 1470 2134 cum
1494 2087 1679 2157 templi
1713 2087 1888 2159 effigie
1906 2135 1920 2156 ,

350 2155 494 2225 cujus
520 2156 573 2205 in
607 2155 786 2205 limine
816 2153 1063 2206 inferiore
1095 2155 1208 2207 haec
1240 2154 1399 2208 verba
1427 2201 1440 2224 ,
1483 2160 1530 2211 C
1553 2162 1680 2213 OL.
1729 2163 1767 2212 B
1788 2166 1826 2217 E
1850 2166 1918 2218 R.
2000 2218 2003 2220 ,

347 2232 414 2279 ad
442 2230 634 2292 latera,
664 2231 693 2279 S
713 2231 752 2279 E
771 2230 818 2279 C
835 2269 996 2280 ......
1024 2233 1207 2280 ceteris
1233 2229 1388 2302 plane
1413 2233 1570 2284 exesis
1602 2234 1803 2289 litteris,
1834 2239 1924 2289 In..

349 2314 430 2352 tus
449 2303 707 2354 Securitas
725 2299 896 2367 sedet,
917 2304 999 2351 cui
1018 2304 1252 2355 Vi&oria
1276 2322 1526 2356 coronam
1546 2310 1787 2380 imponit.
1807 2312 1925 2363 Tri..

347 2374 520 2428 stanus
560 2389 691 2429 tom.
734 2397 751 2428 1
774 2397 811 2430 1.
843 2394 960 2451 pag.
992 2381 1092 2445 316.
1127 2376 1256 2449 legit
1280 2422 1293 2444 ‚
1333 2381 1362 2432 S
1386 2384 1423 2435 E
1445 2381 1557 2435 CV
1575 2384 1626 2437 R
1646 2386 1668 2436 Ι
1690 2386 1740 2436 Τ
1764 2386 1804 2437 Α
1829 2389 1879 2439 Τ
1900 2390 1925 2442 Ι

352 2452 472 2507 CO
497 2452 834 2505 LONIAE
886 2453 924 2502 Β
949 2453 985 2504 E
1008 2454 1316 2509 RYTVS.
1358 2457 1481 2508 Nos
1516 2459 1714 2526 verius,
1742 2462 1815 2510 uti
1842 2480 1952 2514 re-·

348 2544 502 2594 mur,
562 2530 592 2580 S
622 2527 990 2581 ECVRIT.
1032 2530 1143 2583 AV
1167 2528 1410 2584 GVST.
1456 2531 1922 2592 COLONIA

353 2602 394 2652 B
417 2603 451 2653 E
472 2605 521 2657 R
537 2605 589 2657 Y
605 2603 718 2656 TV
737 2604 786 2655 S.
815 2608 1083 2655 Securztati
1108 2607 1317 2678 Augusti
1332 2646 1349 2667 ,
1383 2605 1466 2658 vel
1487 2611 1735 2681 Augustae.

275 2679 323 2734 C
346 2677 398 2730 O
419 2678 479 2731 L.
525 2680 610 2731 lv
627 2678 688 2731 L.
732 2681 775 2732 A
797 2680 846 2731 V
866 2678 937 2731 G.
989 2680 1026 2730 F
1049 2680 1088 2730 E
1112 2680 1171 2732 L.
1212 2683 1251 2732 B
1273 2681 1311 2734 E
1334 2686 1400 2737 R.
1437 2683 1930 2757 Gordianijunioris

349 2769 638 2823 nummus,
674 2755 726 2803 in
757 2771 866 2822 quo
901 2752 1096 2804 Bacchi
1129 2755 1254 2807 nudi
1293 2757 1520 2829 effigieS,
1548 2760 1730 2812 dextra
1760 2764 1925 2833 copiae

351 2842 515 2878 cornu
540 2871 555 2894 ,
598 2827 726 2879 laeva
754 2826 986 2901 thyrsum
1023 2831 1246 2899 gerentis
1268 2873 1283 2895 ‚
1319 2848 1438 2881 cum
1471 2833 1743 2904 panthera.
1803 2838 1928 2892 Vini

352 2904 558 2974 copiam
592 2919 654 2953 ac
687 2901 983 2955 bonitatem
1015 2905 1065 2952 in
1098 2901 1203 2954 hoc
1230 2906 1395 2956 tractu
1433 2906 1643 2960 indicat.
1677 2911 1741 2961 Et
1769 2912 1928 2984 Bery-

354 2977 481 3028 tium
502 2976 616 3029 sane
642 2978 819 3028 vinum
847 2975 1039 3029 Plinius
1062 2980 1400 3032 commendat
1427 2981 1479 3030 in
1510 2983 1683 3053 primis
1707 2983 1795 3038 lib.
1814 3004 1924 3043 X1v.

351 3051 466 3108 sest.
509 3071 527 3104 1
547 3070 598 3106 x.
661 3052 818 3106 Occo
852 3054 903 3104 in
935 3050 1216 3107 Gordiano
1244 3057 1430 3125 tertio,
1465 3072 1587 3131 pag.
1612 3079 1687 3129 43
1712 3082 1757 3115 2.
1787 3059 1931 3114 hunc

1564 3132 1701 3202 MJJ
