2228 3428
273 242 327 292 29
345 225 372 277 8
416 295 462 348 L
477 293 524 346 V
542 291 613 344 G.
662 286 708 340 C
733 213 853 341 ΟῙΞἺ
869 207 919 340 [i
937 207 1990 362 YaenlijEtg-{lgngggnfhlftmndumg

418 368 618 421 Genius
650 360 805 418 Urbis
832 363 1016 413 turrito
1052 362 1222 434 capite
1250 377 1421 411 aream
1453 360 1559 432 ejus
1598 367 1792 415 nummi
1827 366 1989 440 posti-

417 458 529 493 cam
558 438 767 491 obtinet
785 481 798 504 ,
826 435 1022 488 hastam
1052 434 1179 487 Iaeva
1207 479 1222 502 ,
1260 434 1442 487 dextra
1485 435 1672 509 Copiae
1702 456 1867 492 cornu
1895 458 1987 512 ge„

414 532 533 569 rens
552 558 566 582 ,
598 532 706 586 quo
739 509 980 586 symbolo
1007 524 1157 562 vetus
1188 508 1432 583 Lugduni
1453 528 1648 562 nomen
1666 554 1680 576 ,
1708 512 1755 564 C
1774 515 1826 566 O
1847 517 1883 567 P
1902 516 1990 569 IA

415 587 819 662 repraesentatur.
841 591 983 644 Ante
1009 583 1166 659 pedes
1188 629 1201 651 ,
1224 584 1425 656 aquila:
1456 587 1777 658 principatus
1807 586 1990 641 Albini

417 679 586 739 typus,
618 663 703 716 Est
725 662 809 713 hic
835 678 1080 713 nummus
1109 660 1248 732 apud
1274 662 1552 714 Oeconem
1571 703 1585 726 ,
1617 677 1732 734 pag.
1761 681 1872 732 342.
1900 659 1990 716 sed

414 737 598 792 vitiose
626 739 826 791 editus:
869 737 921 789 G
940 737 978 788 E
1000 737 1076 789 N.
1118 735 1177 787 L.
1217 736 1263 787 A
1280 739 1327 788 V
1350 735 1420 788 G.
1467 736 1514 789 C
1537 736 1590 787 O
1610 738 1658 790 S.
1702 738 1778 789 II.

340 815 369 867 S
388 814 426 868 E
447 816 493 867 C
510 816 558 867 V
575 815 726 866 RIT
747 815 793 863 A
813 813 862 866 S.
898 810 1409 867 REIPVBLICAE.
1445 811 1679 865 LVGD.
1722 812 1776 863 O
1797 812 1834 862 F
1852 812 1908 863 F.
1936 812 1989 868 S.

415 887 743 965 Lugdunensis
774 888 992 951 officina
1011 884 1257 957 signavit.
1291 889 1423 939 Item
1452 928 1467 952 ,
1509 887 1565 938 P.
1610 887 1807 941 LVG.
1851 887 1990 938 Hoc

415 965 487 1016 est
509 1008 523 1030 ,
553 960 783 1033 Percussa
811 960 1044 1035 Lugduni
1073 961 1325 1025 Moneta,
1357 961 1409 1009 in
1440 962 1662 1011 nummis
1685 960 1890 1034 juliani.
1925 962 1989 1012 In

415 1038 807 1105 Valentiniani,
849 1039 901 1091 G
933 1035 975 1089 L
1004 1037 1057 1089 O
1091 1035 1188 1091 RI
1219 1035 1282 1088 A.
1327 1037 1378 1087 R
1396 1035 1448 1086 O
1472 1035 1531 1086 M
1552 1037 1597 1088 A
1616 1037 1674 1089 N
1697 1040 1749 1092 O
1771 1039 1822 1091 R
1841 1039 1888 1089 V
1905 1039 1989 1091 M.

413 1114 518 1168 LV
541 1114 611 1166 G.
654 1116 700 1170 S.
738 1114 818 1168 M.
863 1111 1094 1188 Lugduni
1116 1108 1322 1184 signata
1365 1115 1606 1167 Moneta.
1654 1112 1792 1166 Vide
1818 1108 1986 1178 infra,

338 1264 383 1315 L
404 1265 528 1317 VG
554 1267 603 1314 V
622 1267 675 1318 D
700 1267 747 1317 V
768 1265 826 1318 N
845 1267 884 1317 Ι.
913 1266 974 1316 In
1005 1265 1226 1313 nummis
1251 1263 1327 1315 M.
1359 1262 1599 1326 Antonii,
1620 1274 1678 1311 ut
1699 1261 1751 1311 in
1779 1259 1987 1314 vetusta

409 1335 746 1410 inscriptione
777 1339 917 1411 apud
959 1338 1251 1389 Gruterum
1275 1380 1288 1402 ,
1315 1353 1433 1409 pag.
1470 1358 1502 1393 c
1524 1356 1554 1390 c
1573 1355 1606 1389 c
1624 1355 1657 1389 C
1677 1355 1706 1389 L
1723 1354 1762 1389 X
1782 1355 1820 1390 Χ
1837 1355 1875 1390 Χ
1896 1357 1910 1388 1
1932 1355 1987 1389 V.

415 1409 657 1468 CVRIA
691 1414 733 1466 L
751 1417 800 1468 V
824 1415 939 1470 GV
957 1414 1010 1465 D
1034 1414 1080 1464 V
1098 1414 1151 1466 N
1175 1414 1210 1464 E
1230 1414 1288 1466 N
1307 1414 1336 1464 S
1356 1413 1444 1465 IV
1465 1412 1728 1465 M.Leoin
1750 1427 1814 1461 eo
1834 1428 1986 1461 num-

411 1506 500 1539 mo
526 1489 837 1560 insculptus,
866 1485 949 1539 seu
977 1487 1222 1539 Antoniae
1247 1484 1452 1538 familiae
1479 1483 1771 1557 symbolum
1798 1509 1807 1538 ε
1843 1487 1985 1537 unde

408 1562 716 1615 Tullianum
747 1562 874 1614 illud
902 1559 967 1612 ad
996 1561 1234 1612 Atticum
1265 1584 1274 1612 ε
1320 1569 1402 1615 Tu
1430 1578 1554 1611 cave
1594 1566 1813 1614 Antonii
1835 1560 1984 1612 leones

401 1636 749 1711 pertimescas:
783 1636 884 1689 sive
929 1636 1148 1708 legionis
1183 1635 1287 1706 ejus
1331 1633 1529 1707 insigne
1552 1679 1566 1701 ,
1600 1653 1714 1705 quae
1761 1633 1985 1687 deducta

409 1712 724 1785 Lugdunum
758 1714 858 1763 ritu
883 1710 1102 1762 coloniae
1135 1709 1210 1761 est
1229 1753 1241 1773 ,
1268 1710 1350 1763 vel
1382 1727 1497 1779 quae
1528 1710 1766 1760 Antonio
1794 1708 1984 1760 milita-

411 1790 500 1841 vit.
554 1789 635 1839 Sic
665 1790 801 1838 enim
837 1788 891 1836 in
923 1786 1145 1836 nummis
1176 1782 1433 1848 Gallieni,
1459 1799 1486 1832 e
1514 1781 1740 1834 Cimelio
1777 1786 1980 1856 Regio,

408 1863 602 1918 LEG.
649 1864 815 1915 IIII.
860 1862 897 1913 F
930 1861 990 1911 L.
1031 1860 1083 1910 V
1116 1860 1153 1910 Ι.
1193 1859 1251 1910 Ρ.
1284 1862 1334 1913 V
1365 1859 1406 1910 I.
1444 1862 1500 1913 F.
1545 1859 1715 1924 Item,
1754 1859 1869 1911 LE
1905 1859 1980 1912 G.

407 1938 500 1990 V·I
522 1939 559 1990 I.
611 1937 656 1989 C
680 1938 738 1988 L.
784 1938 834 1988 V
864 1936 902 1987 I.
948 1935 1004 1987 P.
1058 1933 1159 1986 VI.
1201 1934 1256 1987 F.
1293 1930 1503 2004 aliisque
1544 1932 1979 2006 quamplurimis,

403 2010 489 2061 leo
522 2012 788 2082 legionum
819 2026 995 2060 earum
1026 2006 1224 2079 infigne
1251 2008 1324 2061 est
1353 2032 1363 2060 :
1414 2021 1470 2057 ut
1495 2007 1706 2058 aliarum
1726 2049 1741 2074 ,
1767 2007 1860 2059 sub
1886 2025 1980 2059 eo-

403 2085 521 2136 dem
552 2087 794 2158 Principe
815 2128 829 2150 ,
849 2098 1020 2134 taurus
1038 2127 1051 2148 ,
1083 2098 1352 2135 centaurus
1370 2125 1382 2148 ,
1403 2081 1499 2132 ibis
1517 2128 1531 2151 ,
1555 2098 1678 2155 aper
1696 2127 1710 2147 ,
1734 2088 1838 2136 &a
1866 2083 1981 2136 Ad-

403 2159 524 2213 ditae
547 2162 597 2211 in
629 2160 732 2211 hoc
761 2176 978 2210 nummo
1013 2157 1197 2211 litterae
1217 2202 1230 2224 ,
1269 2161 1333 2213 A.
1373 2158 1501 2212 XL.
1546 2159 1607 2209 In
1639 2157 1749 2209 aliis
1780 2159 1938 2210 etiam
1959 2201 1976 2224 ‚

402 2235 529 2288 teste
560 2236 841 2300 RubeniO,
876 2233 1048 2289 XLI.
1082 2238 1136 2286 &
1166 2235 1380 2289 XLII.
1409 2238 1464 2286 &L
1503 2234 1673 2287 LXI.
1719 2230 1910 2305 quibus
1939 2232 1980 2287 fi

405 2312 519 2381 quis
542 2308 626 2362 vel
644 2311 844 2360 nummi
864 2310 1083 2382 pretium
1103 2352 1117 2373 ,
1145 2308 1229 2359 vel
1261 2325 1482 2359 annonae
1512 2306 1766 2360 conceffae
1795 2323 1978 2359 nume-

402 2401 516 2436 rum
533 2428 547 2451 ,
568 2383 650 2436 vel
680 2400 875 2434 annum
901 2400 1012 2434 aerae
1032 2381 1245 2454 alicujus
1277 2382 1460 2455 {ignari
1477 2395 1654 2455 putet,
1681 2380 1866 2433 frustra
1894 2382 1975 2437 fit.

403 2460 492 2512 An
522 2459 738 2533 legionis
772 2455 876 2524 ibi,
905 2455 988 2508 vel
1030 2454 1264 2507 cohortis
1290 2458 1493 2529 potius,
1526 2472 1721 2508 nomen
1746 2454 1977 2529 intelligi

404 2540 656 2606 oporteat
675 2576 691 2601 ,
735 2550 849 2603 quae
881 2531 965 2583 vel
989 2531 1232 2597 Adjutrix
1264 2530 1563 2604 quadragies
1592 2528 1832 2604 saepiusve
1852 2574 1865 2597 ,
1891 2531 1978 2584 vel

399 2615 699 2663 Antoniana
719 2606 981 2681 appellata
1004 2604 1091 2673 fit,
1121 2607 1266 2677 quod
1290 2608 1452 2658 toties
1485 2606 1724 2657 Antonio
1751 2622 1977 2657 navave-

400 2685 467 2734 rit
492 2700 732 2756 operam,
761 2682 979 2756 amplius
1001 2681 1454 2733 considerandum.
1496 2681 1657 2733 Certe
1675 2682 1726 2732 in
1752 2683 1975 2732 nummis

398 2756 623 2831 superius
651 2755 959 2832 appellatiS,
992 2762 1147 2830 Legio
1178 2759 1382 2827 Qarta
1409 2756 1606 2809 Flavia
1619 2756 1813 2829 sbxtum
1842 2761 1971 2817 Pla,

387 2831 587 2904 sbxtum
615 2841 662 2887 F
666 2831 809 2885 adela
827 2876 841 2895 ,
866 2839 1019 2906 Legio
1054 2838 1209 2886 Sexta
1239 2830 1452 2889 Claffi'ca
1466 2832 1661 2904 sextum
1691 2836 1831 2896 Pia,
1853 2831 1973 2905 sex„

399 2923 504 2960 tum
523 2908 714 2963 Fidelis
729 2955 744 2978 ,
768 2907 1255 2980 aliaequeseptimum
1272 2949 1286 2969 ,
1325 2906 1406 2960 vel
1430 2906 1606 2981 saepius
1624 2950 1639 2973 ,
1669 2906 1741 2956 ob
1770 2905 1824 2956 id
1841 2924 1971 2958 nun-

399 3000 663 3056 cupantur
713 3010 723 3039 :
775 2986 841 3038 Et
882 2986 935 3034 in
971 2984 1171 3035 vetusta
1211 2981 1546 3056 inscriptione
1589 2980 1730 3054 apud
1774 2981 1969 3032 Grute-

398 3074 509 3109 rum
530 3103 542 3125 ,
574 3078 690 3134 pag.
735 3079 796 3115 cx
821 3081 838 3112 1
860 3081 897 3113 1.
939 3061 990 3110 6.
1029 3060 1258 3110 occurrit
1294 3060 1394 3114 LE
1414 3059 1576 3114 GIO
1612 3058 1654 3110 I.
1692 3057 1741 3107 A
1761 3057 1815 3110 D
1836 3056 1875 3106 Ι.
1911 3054 1967 3106 Ρ.
