2228 3428
683 233 1390 294 ILLUSTRATI.
1821 250 1905 305 359

332 311 869 386 piumque,Nm>w‘&i
908 314 961 363 in
987 328 1208 362 nummo
1234 324 1519 377 vocantur,
1550 308 1626 360 uti
1646 303 1899 374 diximus,

332 385 497 437 verbo
537 399 690 445 ΛΒΟ
713 399 817 445 ΑΛ
842 398 1071 444 ΛΙΩΝ.
1133 384 1319 437 Similis
1359 384 1480 436 huic
1520 382 1650 436 alter
1688 383 1909 436 Maximi

336 461 583 530 CaesariS,
618 466 668 514 in
701 481 810 536 quo
838 462 1034 534 templa
1057 460 1249 530 pariter
1280 460 1522 530 gemina,
1556 460 1689 530 patri
1721 471 1912 530 nempe

332 553 394 587 ac
427 535 535 587 filio
563 538 828 589 dedicata:
859 534 1007 607 quod
1036 534 1227 586 Patino
1255 531 1437 599 latuit,
1468 550 1581 606 pag.
1614 537 1716 601 358.

259 624 304 669 N
325 624 343 667 I
365 624 603 670 KOMH
626 624 725 669 ΔΕ
748 620 880 668 ΩΝ.
915 622 1008 667 NE
1031 618 1254 664 ΩΚΟΡ
1275 619 1404 664 ΩΝ.
1432 605 1747 671 Caracallae,
1771 606 1911 677 apud

331 689 660 753 Traianum,
681 701 810 739 tom.
837 707 852 738 1
881 705 898 737 1
916 727 926 738 .
949 701 1065 756 pag.
1087 703 1193 738 201.
1222 699 1332 752 quo
1359 683 1411 731 in
1443 698 1660 731 nummo
1685 680 1767 730 vel
1789 679 1914 733 ΛΞΓ,

333 761 582 834 culapius,
598 759 677 812 vel
699 757 917 832 Glycon
933 755 1489 829 insculthS,draconis
1507 753 1679 827 effigie
1698 799 1711 821 ,
1736 770 1915 825 quem,

335 851 391 889 ut
407 835 566 910 paulo
581 849 733 886 antea
761 835 984 885 diximus
1000 875 1015 900 ,
1046 832 1381 887 Nicomediae
1401 829 1705 882 conditores
1727 827 1913 880 dueto,

335 928 441 962 rem
470 909 627 959 secuti
652 906 1019 962 existimantur.

260 996 719 1044 NIKOMHAE
741 996 869 1042 ΩΝ.
910 995 1076 1041 ΔΙΕ.
1122 993 1459 1041 ΝΕΩΚΟΡ
1481 990 1610 1038 ΩΝ.
1652 980 1916 1034 Gordiani

329 1059 577 1131 junioris,
606 1060 744 1133 apud
765 1059 992 1113 Tristan.
1013 1073 1141 1113 tom.
1186 1079 1202 1112 1
1231 1079 1274 1112 1.
1303 1075 1419 1131 pag.
1450 1076 1559 1130 541·
1590 1060 1706 1111 Stat
1741 1057 1916 1128 Impe-

335 1148 478 1185 rator
495 1149 618 1186 ante
643 1152 782 1187 aram
806 1159 819 1186 ·.
837 1133 1073 1187 adstante
1086 1136 1276 1206 pariter
1291 1133 1596 1187 Nicomede
1616 1129 1772 1184 Urbis
1790 1147 1917 1180 con-

337 1207 525 1263 ditore.
555 1211 786 1283 Superne
815 1209 989 1282 aquila
1017 1209 1235 1261 volitat:
1266 1209 1490 1280 emergit
1513 1203 1716 1258 inferne
1743 1222 1806 1258 ex
1834 1222 1920 1257 ara

338 1281 498 1336 draco
521 1307 535 1338 .·
561 1285 790 1358 denique
820 1284 1076 1358 templum
1101 1283 1362 1356 adjeehim
1386 1325 1399 1348 ‚
1436 1285 1487 1332 in
1520 1299 1632 1353 quo
1658 1277 1798 1332 sacra
1822 1296 1920 1353 pro

336 1357 498 1412 salute
514 1362 965 1434 Principisiterum
988 1360 1191 1425 fierent,
1211 1376 1368 1431 quam
1390 1357 1460 1408 ob
1480 1354 1677 1407 causam
1701 1362 1767 1409 N
1771 1358 1922 1406 eocori

339 1432 412 1485 bis
440 1434 789 1508 appellantur.
822 1439 1016 1491 Cetera
1052 1433 1286 1507 symbola
1310 1449 1372 1483 ex
1404 1446 1528 1483 ante
1553 1429 1697 1482 dietis
1721 1443 1922 1502 patent.

264 1520 875 1568 NIKOMHAEQN.
919 1525 956 1568 E
981 1518 1028 1566 Π
1056 1521 1097 1565 Ι.
1139 1519 1416 1566 ΓΑΙΟΥ.
1460 1514 1908 1564 ΠΑΠΙΡΙΟΥ.

343 1597 386 1640 Κ
407 1598 443 1639 A
460 1599 494 1640 P
511 1598 545 1639 B
565 1598 613 1642 Ω
633 1598 679 1643 Ν
694 1599 739 1642 O
762 1594 824 1644 Σ.
847 1592 914 1640 Ν
916 1584 1289 1658 icomedenfium,
1305 1581 1390 1652 fich
1409 1590 1539 1635 Caio
1554 1587 1770 1648 Papirio
1791 1590 1923 1635 Car.

339 1658 468 1711 bone.
494 1661 533 1713 E
558 1659 786 1712 Cimelio
820 1664 1008 1734 Regio.
1028 1650 1455 1713 Occurrit'idem
1478 1653 1661 1712 Carbo
1689 1658 1926 1729 Papirius

337 1737 388 1787 in
415 1735 765 1790 Nicaeensium
791 1733 1017 1807 ejusdcm
1047 1736 1337 1789 Provinciae
1366 1737 1607 1785 nummis

262 1822 881 1870 NIKOMHAEQN.
927 1824 967 1869 Κ
999 1824 1104 1868 ΑΙ.
1146 1820 1678 1868 ΛΛΟΔΙΚΕΩΝ.
1716 1819 1915 1866 ΟΜΟ-

340 1901 387 1945 Ν
404 1901 486 1946 OI
507 1904 566 1944 A.
611 1885 1307 1965 Cege-anedienfium
1329 1930 1343 1952 ,
1371 1891 1423 1938 ὅ(
1456 1886 1701 1957 juppiter
1731 1839 1991 1950 Laodi-s

340 1980 588 2015 cenorum
619 1963 824 2018 PraeseS.
869 1962 1006 2016 Vide
1035 1974 1081 2019 Λ
1097 1974 1138 2016 Α
1156 1975 1202 2019 0
1220 1972 1269 2016 Δ
1290 1973 1310 2015 Ι
1329 1973 1370 2016 Κ
1386 1972 1421 2016 Ε
1441 1972 1491 2017 Ω
1508 1973 1554 2016 N
1586 1966 1769 2013 Carice.
1791 1984 1824 2007 φ.
1851 1982 1883 2010 7.
1901 1974 1950 2018 ιη
1970 2008 1983 2019 ,

265 2049 631 2096 ΝΙΚΟΜΗ.
674 2038 748 2090 Ex
785 2050 931 2110 parte
957 2036 1152 2103 altera,
1184 2049 1222 2093 E
1245 2046 1292 2091 Π
1319 2048 1341 2091 I
1387 2045 1733 2092 ΑΝΘΥΠΑ
1805 2041 1924 2092 ΟΥ.

346 2125 391 2168 Θ
407 2127 456 2173 Ω
473 2129 505 2170 Ρ
521 2127 541 2170 Ι
560 2128 606 2171 O
624 2125 686 2170 Υ.
723 2111 822 2166 Sub
859 2108 1045 2167 Thoria
1079 2109 1385 2184 Proconsule.
1419 2110 1580 2183 Apud
1610 2112 1925 2176 Gruterum,

346 2205 464 2262 pag*
489 2210 610 2260 924.
644 2191 703 2243 L.
758 2189 887 2241 TH
911 2189 963 2241 O
985 2189 1203 2243 RIVS.
1240 2189 1281 2240 E
1303 2187 1625 2240 VTYCH
1648 2185 1686 2238 E
1709 2189 1758 2241 S.

267 2273 722 2325 BAEIAEQE.
764 2272 963 2324 ΕΠΙΦ
986 2271 1288 2321 ΑΝΟΥΣ.
1323 2273 1660 2320 NIKOMH
1682 2266 1924 2322 ΔΟΥΣ.

347 2355 393 2399 Ν
414 2352 435 2397 I
455 2354 497 2398 K
513 2355 559 2399 O
574 2354 631 2398 M
648 2352 760 2398 HA
777 2353 814 2397 E
835 2352 885 2397 Ω
903 2353 964 2396 N.
1005 2339 1170 2410 Apud
1199 2339 1471 2391 Goltzium
1498 2341 1547 2388 in
1573 2352 1746 2389 vetere
1778 2338 1928 2390 Grae..

346 2419 442 2470 cia.
477 2420 597 2470 Fuit
623 2417 708 2469 hic
727 2413 1057 2471 Nicomedes
1081 2413 1384 2486 Epiphanes
1406 2456 1420 2478 ,
1447 2411 1632 2466 Prufiae
1652 2409 1801 2478 filius,
1819 2411 1927 2482 ejus

349 2493 666 2547 Nicomedis
691 2509 859 2565 nepos
877 2534 891 2557 ,
922 2507 951 2540 a
973 2506 1083 2561 quo
1107 2486 1325 2540 condita
1353 2494 1406 2541 &
1436 2490 1810 2560 cognominata
1827 2489 1883 2539 N
1892 2487 1929 2536 i-

349 2566 589 2619 comedia
606 2567 680 2619 est
694 2611 709 2634 ‚
740 2585 860 2619 cum
888 2564 1137 2618 Astacum
1155 2562 1493 2619 Nicomediae
1508 2563 1804 2638 proximum
1822 2561 1929 2635 Ly.

353 2639 608 2692 fimachus
635 2636 911 2694 evertisset.

204 2725 772 2774 ΝΙΚΟΠΟΛΕΩΣ
795 2758 810 2781 ,
846 2722 898 2766 in
920 2722 1082 2783 Epiro.

277 2803 364 2848 NI
383 2804 487 2848 ΚΟ
507 2799 793 2850 ΠΟΛΙΣ.
822 2790 898 2841 Ex
923 2788 1286 2861 parteaversa‚
1315 2797 1523 2848 ΣΕΒΑ
1543 2795 1917 2850 xpm-121⁶.

357 2866 566 2930 Edem-35
586 2867 756 2928 κτιςῇς.
781 2866 1023 2941 Augustus
1049 2859 1206 2917 Urbis
1223 2866 1449 2915 conditor.
1476 2869 1515 2919 E
1537 2864 1726 2917 Museo
1751 2863 1928 2914 nostro

357 2941 641 2997 Parifiensi.
675 2941 898 3005 Pliniu3‚
926 2939 1014 2991 lib.
1050 2959 1069 2991 1
1089 2958 1141 2993 v.
1175 2935 1291 2991 sees.
1346 2958 1363 2991 1
1389 2958 1435 2991 1.
1479 2939 1688 2992 Colonia
1720 2937 1930 3008 Augusti

358 3019 568 3072 Aleium
589 3058 603 3080 ,
633 3036 734 3071 cum
758 3021 971 3067 civitate
997 3011 1155 3064 libera
1194 3011 1584 3086 Nicopolitana.
1627 3012 1765 3070 Vide
1792 3013 1928 3065 Pau-

360 3091 461 3149 san.
489 3097 540 3148 in
568 3092 726 3149 Eliac,
754 3094 913 3167 prior.
943 3106 1062 3164 pag.
1087 3111 1190 3161 172.
