<?xml version="1.0" encoding="UTF-8"?>
<!DOCTYPE html PUBLIC "-//W3C//DTD XHTML 1.0 Transitional//EN"
    "http://www.w3.org/TR/xhtml1/DTD/xhtml1-transitional.dtd">
<html xmlns="http://www.w3.org/1999/xhtml" xml:lang="en" lang="en">
 <head>
  <title>
</title>
<meta http-equiv="Content-Type" content="text/html;charset=utf-8" />
  <meta name='ocr-system' content='tesseract 3.04.00' />
  <meta name='ocr-capabilities' content='ocr_page ocr_carea ocr_par ocr_line ocrx_word'/>
</head>
<body>
  <div class='ocr_page' id='page_1' title='image "./joannisharduinis00hard_0446.png"; bbox 0 0 2228 3428; ppageno 0'>
   <div class='ocr_carea' id='block_1_1' title="bbox 265 193 1994 3125">
    <p class='ocr_par' dir='ltr' id='par_1_1' title="bbox 265 193 1574 289">
     <span class='ocr_line' id='line_1_1' title="bbox 265 193 1574 289; baseline 0 -33"><span class='ocrx_word' id='word_1_1' title='bbox 265 219 361 289; x_wconf 48' lang='lat'>413</span> <span class='ocrx_word' id='word_1_2' title='bbox 712 200 1067 257; x_wconf 86' lang='lat' dir='ltr'><strong>NUMMI</strong></span> <span class='ocrx_word' id='word_1_3' title='bbox 1133 193 1574 277; x_wconf 70' lang='lat' dir='ltr'>ANTIQUI</span> 
     </span>
    </p>

    <p class='ocr_par' dir='ltr' id='par_1_2' title="bbox 414 277 1992 1248">
     <span class='ocr_line' id='line_1_2' title="bbox 423 277 1984 350; baseline 0.002 -20"><span class='ocrx_word' id='word_1_4' title='bbox 423 277 648 336; x_wconf 85' lang='lat' dir='ltr'>Cimelio</span> <span class='ocrx_word' id='word_1_5' title='bbox 693 279 905 350; x_wconf 78' lang='lat' dir='ltr'>Regio:</span> <span class='ocrx_word' id='word_1_6' title='bbox 939 281 993 329; x_wconf 86' lang='lat'>&amp;</span> <span class='ocrx_word' id='word_1_7' title='bbox 1020 292 1186 327; x_wconf 87' lang='lat' dir='ltr'>annus</span> <span class='ocrx_word' id='word_1_8' title='bbox 1231 291 1579 330; x_wconf 77' lang='lat' dir='ltr'>ccxxxvrx.</span> <span class='ocrx_word' id='word_1_9' title='bbox 1619 278 1735 350; x_wconf 92' lang='lat' dir='ltr'>post</span> <span class='ocrx_word' id='word_1_10' title='bbox 1773 278 1984 332; x_wconf 85' lang='lat' dir='ltr'>conces-</span> 
     </span>
     <span class='ocr_line' id='line_1_3' title="bbox 417 348 1983 424; baseline -0.001 -19"><span class='ocrx_word' id='word_1_11' title='bbox 417 354 517 405; x_wconf 70' lang='lat' dir='ltr'>sam</span> <span class='ocrx_word' id='word_1_12' title='bbox 537 397 550 420; x_wconf 84' lang='lat'>‚</span> <span class='ocrx_word' id='word_1_13' title='bbox 579 353 650 402; x_wconf 85' lang='lat' dir='ltr'>uti</span> <span class='ocrx_word' id='word_1_14' title='bbox 668 351 906 418; x_wconf 86' lang='lat' dir='ltr'>videtur,</span> <span class='ocrx_word' id='word_1_15' title='bbox 929 350 1208 424; x_wconf 87' lang='lat' dir='ltr'>Raphiotis</span> <span class='ocrx_word' id='word_1_16' title='bbox 1242 348 1538 401; x_wconf 86' lang='lat' dir='ltr'>libertatem</span> <span class='ocrx_word' id='word_1_17' title='bbox 1566 366 1594 401; x_wconf 87' lang='lat' dir='ltr'>a</span> <span class='ocrx_word' id='word_1_18' title='bbox 1628 351 1983 420; x_wconf 80' lang='lat' dir='ltr'>Crasso,clum</span> 
     </span>
     <span class='ocr_line' id='line_1_4' title="bbox 415 424 1988 499; baseline 0.003 -22"><span class='ocrx_word' id='word_1_19' title='bbox 415 432 464 478; x_wconf 87' lang='lat' dir='ltr'>in</span> <span class='ocrx_word' id='word_1_20' title='bbox 499 428 638 499; x_wconf 79' lang='lat' dir='ltr'>Syria</span> <span class='ocrx_word' id='word_1_21' title='bbox 669 428 942 499; x_wconf 85' lang='lat' dir='ltr'>imperium</span> <span class='ocrx_word' id='word_1_22' title='bbox 973 441 1190 499; x_wconf 81' lang='lat' dir='ltr'>gereret.</span> <span class='ocrx_word' id='word_1_23' title='bbox 1259 426 1437 498; x_wconf 56' lang='lat' dir='ltr'>que</span> <span class='ocrx_word' id='word_1_24' title='bbox 1467 424 1850 496; x_wconf 80' lang='lat' dir='ltr'>Raphiotarum</span> <span class='ocrx_word' id='word_1_25' title='bbox 1889 430 1988 481; x_wconf 58' lang='lat' dir='ltr'>aera</span> 
     </span>
     <span class='ocr_line' id='line_1_5' title="bbox 415 498 1990 574; baseline -0.004 -20"><span class='ocrx_word' id='word_1_26' title='bbox 415 499 676 554; x_wconf 77' lang='lat' dir='ltr'>decennio</span> <span class='ocrx_word' id='word_1_27' title='bbox 707 503 915 574; x_wconf 78' lang='lat' dir='ltr'>integro</span> <span class='ocrx_word' id='word_1_28' title='bbox 946 499 1195 573; x_wconf 86' lang='lat' dir='ltr'>posterius</span> <span class='ocrx_word' id='word_1_29' title='bbox 1227 498 1499 551; x_wconf 77' lang='lat' dir='ltr'>statuenda</span> <span class='ocrx_word' id='word_1_30' title='bbox 1525 498 1599 550; x_wconf 91' lang='lat' dir='ltr'>est</span> <span class='ocrx_word' id='word_1_31' title='bbox 1625 543 1639 566; x_wconf 84' lang='lat'>‚</span> <span class='ocrx_word' id='word_1_32' title='bbox 1690 517 1847 570; x_wconf 80' lang='lat' dir='ltr'>quam</span> <span class='ocrx_word' id='word_1_33' title='bbox 1880 504 1990 555; x_wconf 79' lang='lat' dir='ltr'>Ga-</span> 
     </span>
     <span class='ocr_line' id='line_1_6' title="bbox 415 573 1990 648; baseline -0.004 -20"><span class='ocrx_word' id='word_1_34' title='bbox 415 576 641 628; x_wconf 82' lang='lat' dir='ltr'>zenfium</span> <span class='ocrx_word' id='word_1_35' title='bbox 663 620 675 642; x_wconf 82' lang='lat'>‚</span> <span class='ocrx_word' id='word_1_36' title='bbox 701 574 765 628; x_wconf 89' lang='lat' dir='ltr'>de</span> <span class='ocrx_word' id='word_1_37' title='bbox 803 592 906 648; x_wconf 80' lang='lat' dir='ltr'>qua</span> <span class='ocrx_word' id='word_1_38' title='bbox 934 576 1020 627; x_wconf 91' lang='lat' dir='ltr'>suo</span> <span class='ocrx_word' id='word_1_39' title='bbox 1042 573 1164 626; x_wconf 90' lang='lat' dir='ltr'>loco</span> <span class='ocrx_word' id='word_1_40' title='bbox 1195 576 1446 626; x_wconf 78' lang='lat' dir='ltr'><strong>diximus:</strong></span> <span class='ocrx_word' id='word_1_41' title='bbox 1477 591 1594 626; x_wconf 87' lang='lat' dir='ltr'>cum</span> <span class='ocrx_word' id='word_1_42' title='bbox 1627 574 1692 625; x_wconf 84' lang='lat' dir='ltr'>ab</span> <span class='ocrx_word' id='word_1_43' title='bbox 1719 591 1859 625; x_wconf 82' lang='lat' dir='ltr'>anno</span> <span class='ocrx_word' id='word_1_44' title='bbox 1887 579 1990 630; x_wconf 85' lang='lat' dir='ltr'>Ur-</span> 
     </span>
     <span class='ocr_line' id='line_1_7' title="bbox 416 647 1990 723; baseline -0.004 -20"><span class='ocrx_word' id='word_1_45' title='bbox 416 652 494 703; x_wconf 88' lang='lat' dir='ltr'>bis</span> <span class='ocrx_word' id='word_1_46' title='bbox 530 672 566 706; x_wconf 88' lang='lat' dir='ltr'>D</span> <span class='ocrx_word' id='word_1_47' title='bbox 586 672 618 708; x_wconf 84' lang='lat' dir='ltr'><strong>c</strong></span> <span class='ocrx_word' id='word_1_48' title='bbox 638 671 686 707; x_wconf 86' lang='lat' dir='ltr'>C.</span> <span class='ocrx_word' id='word_1_49' title='bbox 720 670 827 723; x_wconf 87' lang='lat' dir='ltr'>quo</span> <span class='ocrx_word' id='word_1_50' title='bbox 851 669 880 702; x_wconf 78' lang='lat' dir='ltr'>a</span> <span class='ocrx_word' id='word_1_51' title='bbox 900 648 1082 704; x_wconf 81' lang='lat' dir='ltr'>Crasso</span> <span class='ocrx_word' id='word_1_52' title='bbox 1111 652 1166 701; x_wconf 87' lang='lat' dir='ltr'>id</span> <span class='ocrx_word' id='word_1_53' title='bbox 1194 647 1503 700; x_wconf 80' lang='lat' dir='ltr'>beneficium</span> <span class='ocrx_word' id='word_1_54' title='bbox 1540 647 1848 701; x_wconf 87' lang='lat' dir='ltr'>consecutos</span> <span class='ocrx_word' id='word_1_55' title='bbox 1881 653 1990 705; x_wconf 83' lang='lat' dir='ltr'>Ra-</span> 
     </span>
     <span class='ocr_line' id='line_1_8' title="bbox 416 725 1991 801; baseline -0.001 -23"><span class='ocrx_word' id='word_1_56' title='bbox 416 728 622 801; x_wconf 82' lang='lat' dir='ltr'>phiotas</span> <span class='ocrx_word' id='word_1_57' title='bbox 665 727 922 779; x_wconf 86' lang='lat' dir='ltr'>credimus</span> <span class='ocrx_word' id='word_1_58' title='bbox 949 769 962 791; x_wconf 87' lang='lat'>,</span> <span class='ocrx_word' id='word_1_59' title='bbox 1006 742 1168 776; x_wconf 84' lang='lat' dir='ltr'>annus</span> <span class='ocrx_word' id='word_1_60' title='bbox 1208 741 1558 777; x_wconf 77' lang='lat' dir='ltr'>ccxxxvri.</span> <span class='ocrx_word' id='word_1_61' title='bbox 1614 725 1991 796; x_wconf 85' lang='lat' dir='ltr'><strong>percommode</strong></span> 
     </span>
     <span class='ocr_line' id='line_1_9' title="bbox 415 797 1987 869; baseline -0.001 -17"><span class='ocrx_word' id='word_1_62' title='bbox 415 802 569 852; x_wconf 75' lang='lat' dir='ltr'>cadat</span> <span class='ocrx_word' id='word_1_63' title='bbox 615 803 665 852; x_wconf 89' lang='lat' dir='ltr'>in</span> <span class='ocrx_word' id='word_1_64' title='bbox 705 819 896 852; x_wconf 75' lang='lat' dir='ltr'>annum</span> <span class='ocrx_word' id='word_1_65' title='bbox 925 797 1082 854; x_wconf 82' lang='lat' dir='ltr'>Urbis</span> <span class='ocrx_word' id='word_1_66' title='bbox 1113 819 1150 854; x_wconf 89' lang='lat' dir='ltr'>D</span> <span class='ocrx_word' id='word_1_67' title='bbox 1171 819 1202 854; x_wconf 85' lang='lat' dir='ltr'><strong>c</strong></span> <span class='ocrx_word' id='word_1_68' title='bbox 1225 818 1257 853; x_wconf 79' lang='lat' dir='ltr'>C</span> <span class='ocrx_word' id='word_1_69' title='bbox 1274 818 1305 852; x_wconf 83' lang='lat' dir='ltr'><strong>c</strong></span> <span class='ocrx_word' id='word_1_70' title='bbox 1324 821 1356 855; x_wconf 82' lang='lat' dir='ltr'><strong>c</strong></span> <span class='ocrx_word' id='word_1_71' title='bbox 1374 817 1410 852; x_wconf 83' lang='lat' dir='ltr'>x</span> <span class='ocrx_word' id='word_1_72' title='bbox 1428 818 1514 853; x_wconf 80' lang='lat' dir='ltr'>xx</span> <span class='ocrx_word' id='word_1_73' title='bbox 1534 818 1660 853; x_wconf 84' lang='lat' dir='ltr'>v11.</span> <span class='ocrx_word' id='word_1_74' title='bbox 1695 800 1784 869; x_wconf 89' lang='lat' dir='ltr'>qui</span> <span class='ocrx_word' id='word_1_75' title='bbox 1819 797 1987 850; x_wconf 84' lang='lat' dir='ltr'>sextus</span> 
     </span>
     <span class='ocr_line' id='line_1_10' title="bbox 418 872 1992 948; baseline -0.002 -19"><span class='ocrx_word' id='word_1_76' title='bbox 418 876 711 929; x_wconf 81' lang='lat' dir='ltr'>Commodi</span> <span class='ocrx_word' id='word_1_77' title='bbox 733 876 978 948; x_wconf 73' lang='lat' dir='ltr'>Principis</span> <span class='ocrx_word' id='word_1_78' title='bbox 997 872 1109 927; x_wconf 78' lang='lat' dir='ltr'>fuir.</span> <span class='ocrx_word' id='word_1_79' title='bbox 1138 875 1222 927; x_wconf 82' lang='lat' dir='ltr'>Est</span> <span class='ocrx_word' id='word_1_80' title='bbox 1253 872 1541 925; x_wconf 82' lang='lat' dir='ltr'>Commodi</span> <span class='ocrx_word' id='word_1_81' title='bbox 1561 891 1803 925; x_wconf 82' lang='lat' dir='ltr'>nummus</span> <span class='ocrx_word' id='word_1_82' title='bbox 1822 872 1992 926; x_wconf 86' lang='lat' dir='ltr'>fimilis</span> 
     </span>
     <span class='ocr_line' id='line_1_11' title="bbox 414 945 1989 1023; baseline 0.001 -22"><span class='ocrx_word' id='word_1_83' title='bbox 414 949 555 1023; x_wconf 76' lang='lat' dir='ltr'>apud</span> <span class='ocrx_word' id='word_1_84' title='bbox 593 950 911 1003; x_wconf 81' lang='lat' dir='ltr'>Tristanum.</span> <span class='ocrx_word' id='word_1_85' title='bbox 960 948 1162 1015; x_wconf 77' lang='lat' dir='ltr'>Plinio,</span> <span class='ocrx_word' id='word_1_86' title='bbox 1195 947 1285 1001; x_wconf 85' lang='lat' dir='ltr'>lib.</span> <span class='ocrx_word' id='word_1_87' title='bbox 1318 968 1365 1002; x_wconf 88' lang='lat' dir='ltr'>v.</span> <span class='ocrx_word' id='word_1_88' title='bbox 1407 945 1521 1001; x_wconf 66' lang='lat' dir='ltr'>sest.</span> <span class='ocrx_word' id='word_1_89' title='bbox 1568 967 1699 1002; x_wconf 79' lang='lat' dir='ltr'>xiv.</span> <span class='ocrx_word' id='word_1_90' title='bbox 1743 946 1989 1016; x_wconf 73' lang='lat' dir='ltr'>Raphea,</span> 
     </span>
     <span class='ocr_line' id='line_1_12' title="bbox 414 1022 1992 1095; baseline 0 -19"><span class='ocrx_word' id='word_1_91' title='bbox 414 1029 466 1076; x_wconf 90' lang='lat' dir='ltr'>in</span> <span class='ocrx_word' id='word_1_92' title='bbox 493 1025 793 1092; x_wconf 70' lang='lat' dir='ltr'>Palaestina,</span> <span class='ocrx_word' id='word_1_93' title='bbox 821 1025 969 1095; x_wconf 81' lang='lat' dir='ltr'>juxta</span> <span class='ocrx_word' id='word_1_94' title='bbox 1008 1025 1229 1077; x_wconf 79' lang='lat' dir='ltr'>Gazam.</span> <span class='ocrx_word' id='word_1_95' title='bbox 1294 1024 1398 1077; x_wconf 87' lang='lat' dir='ltr'>Sed</span> <span class='ocrx_word' id='word_1_96' title='bbox 1439 1039 1622 1075; x_wconf 87' lang='lat' dir='ltr'>vereor</span> <span class='ocrx_word' id='word_1_97' title='bbox 1660 1040 1724 1075; x_wconf 87' lang='lat' dir='ltr'>ne</span> <span class='ocrx_word' id='word_1_98' title='bbox 1761 1025 1812 1074; x_wconf 90' lang='lat' dir='ltr'>in</span> <span class='ocrx_word' id='word_1_99' title='bbox 1855 1022 1992 1076; x_wconf 84' lang='lat' dir='ltr'>hisce</span> 
     </span>
     <span class='ocr_line' id='line_1_13' title="bbox 414 1097 1992 1173; baseline -0.003 -22"><span class='ocrx_word' id='word_1_100' title='bbox 414 1102 639 1153; x_wconf 86' lang='lat' dir='ltr'>nummis</span> <span class='ocrx_word' id='word_1_101' title='bbox 672 1100 774 1173; x_wconf 80' lang='lat' dir='ltr'>legi</span> <span class='ocrx_word' id='word_1_102' title='bbox 801 1098 950 1150; x_wconf 86' lang='lat' dir='ltr'>satius</span> <span class='ocrx_word' id='word_1_103' title='bbox 981 1097 1073 1165; x_wconf 80' lang='lat' dir='ltr'>fit,</span> <span class='ocrx_word' id='word_1_104' title='bbox 1102 1110 1151 1154; x_wconf 89' lang='grc' dir='ltr'>Π</span> <span class='ocrx_word' id='word_1_105' title='bbox 1171 1112 1212 1155; x_wconf 87' lang='lat' dir='ltr'>A</span> <span class='ocrx_word' id='word_1_106' title='bbox 1233 1114 1268 1160; x_wconf 80' lang='grc' dir='ltr'><strong><em>Φ</em></strong></span> <span class='ocrx_word' id='word_1_107' title='bbox 1291 1110 1312 1154; x_wconf 97' lang='grc' dir='ltr'>Ι</span> <span class='ocrx_word' id='word_1_108' title='bbox 1332 1112 1374 1155; x_wconf 87' lang='grc' dir='ltr'>Α</span> <span class='ocrx_word' id='word_1_109' title='bbox 1404 1142 1418 1167; x_wconf 86' lang='lat'>‚</span> <span class='ocrx_word' id='word_1_110' title='bbox 1457 1114 1519 1149; x_wconf 83' lang='lat' dir='ltr'>ac</span> <span class='ocrx_word' id='word_1_111' title='bbox 1554 1099 1618 1150; x_wconf 89' lang='lat' dir='ltr'>de</span> <span class='ocrx_word' id='word_1_112' title='bbox 1647 1100 1856 1153; x_wconf 82' lang='lat' dir='ltr'>Venere</span> <span class='ocrx_word' id='word_1_113' title='bbox 1893 1102 1992 1155; x_wconf 74' lang='lat' dir='ltr'>Pa-</span> 
     </span>
     <span class='ocr_line' id='line_1_14' title="bbox 414 1175 1680 1248; baseline -0.004 -21"><span class='ocrx_word' id='word_1_114' title='bbox 414 1176 535 1248; x_wconf 80' lang='lat' dir='ltr'>phia</span> <span class='ocrx_word' id='word_1_115' title='bbox 567 1175 884 1248; x_wconf 78' lang='lat' dir='ltr'>Cypriorum</span> <span class='ocrx_word' id='word_1_116' title='bbox 905 1175 1091 1247; x_wconf 83' lang='lat' dir='ltr'>accipi.</span> <span class='ocrx_word' id='word_1_117' title='bbox 1678 1219 1680 1222; x_wconf 85' lang='lat'>.</span> 
     </span>
    </p>

    <p class='ocr_par' dir='ltr' id='par_1_3' title="bbox 339 1245 1991 1546">
     <span class='ocr_line' id='line_1_15' title="bbox 339 1245 1991 1316; baseline -0.003 -12"><span class='ocrx_word' id='word_1_118' title='bbox 339 1262 375 1306; x_wconf 83' lang='lat' dir='ltr'>P</span> <span class='ocrx_word' id='word_1_119' title='bbox 395 1263 434 1306; x_wconf 89' lang='lat' dir='ltr'>A</span> <span class='ocrx_word' id='word_1_120' title='bbox 457 1267 492 1312; x_wconf 81' lang='grc' dir='ltr'>Φ</span> <span class='ocrx_word' id='word_1_121' title='bbox 515 1263 610 1306; x_wconf 81' lang='grc' dir='ltr'>ΙΑ.</span> <span class='ocrx_word' id='word_1_122' title='bbox 649 1273 691 1313; x_wconf 64' lang='grc' dir='ltr'><em>ς</em></span> <span class='ocrx_word' id='word_1_123' title='bbox 712 1262 754 1310; x_wconf 77' lang='grc' dir='ltr'>Ξ</span> <span class='ocrx_word' id='word_1_124' title='bbox 772 1262 826 1306; x_wconf 90' lang='lat' dir='ltr'>C.</span> <span class='ocrx_word' id='word_1_125' title='bbox 876 1249 1159 1301; x_wconf 78' lang='lat' dir='ltr'>Caracallae</span> <span class='ocrx_word' id='word_1_126' title='bbox 1202 1267 1441 1302; x_wconf 81' lang='lat' dir='ltr'>nummus</span> <span class='ocrx_word' id='word_1_127' title='bbox 1462 1292 1475 1316; x_wconf 75' lang='lat'>‚</span> <span class='ocrx_word' id='word_1_128' title='bbox 1505 1265 1567 1300; x_wconf 85' lang='lat' dir='ltr'>ex</span> <span class='ocrx_word' id='word_1_129' title='bbox 1599 1245 1783 1299; x_wconf 83' lang='lat' dir='ltr'>eadem</span> <span class='ocrx_word' id='word_1_130' title='bbox 1811 1247 1957 1301; x_wconf 79' lang='lat' dir='ltr'>Gaza</span> <span class='ocrx_word' id='word_1_131' title='bbox 1975 1292 1991 1315; x_wconf 79' lang='lat'>,</span> 
     </span>
     <span class='ocr_line' id='line_1_16' title="bbox 415 1322 1988 1399; baseline -0.001 -22"><span class='ocrx_word' id='word_1_132' title='bbox 415 1343 535 1377; x_wconf 90' lang='lat' dir='ltr'>cum</span> <span class='ocrx_word' id='word_1_133' title='bbox 572 1324 835 1399; x_wconf 86' lang='lat' dir='ltr'>Apollinis</span> <span class='ocrx_word' id='word_1_134' title='bbox 859 1326 1047 1375; x_wconf 87' lang='lat' dir='ltr'>icone:</span> <span class='ocrx_word' id='word_1_135' title='bbox 1083 1325 1265 1376; x_wconf 86' lang='lat' dir='ltr'>Annus</span> <span class='ocrx_word' id='word_1_136' title='bbox 1303 1324 1447 1399; x_wconf 56' lang='grc' dir='ltr'>σξῌ,</span> <span class='ocrx_word' id='word_1_137' title='bbox 1479 1323 1583 1375; x_wconf 91' lang='lat' dir='ltr'>hoc</span> <span class='ocrx_word' id='word_1_138' title='bbox 1615 1322 1718 1387; x_wconf 84' lang='lat' dir='ltr'>est,</span> <span class='ocrx_word' id='word_1_139' title='bbox 1761 1341 1988 1378; x_wconf 78' lang='lat' dir='ltr'>chxvr.</span> 
     </span>
     <span class='ocr_line' id='line_1_17' title="bbox 413 1398 1990 1472; baseline 0 -21"><span class='ocrx_word' id='word_1_140' title='bbox 413 1401 565 1454; x_wconf 81' lang='lat' dir='ltr'>Urbis</span> <span class='ocrx_word' id='word_1_141' title='bbox 582 1444 596 1467; x_wconf 80' lang='lat'>,</span> <span class='ocrx_word' id='word_1_142' title='bbox 631 1417 734 1471; x_wconf 79' lang='lat' dir='ltr'>qua</span> <span class='ocrx_word' id='word_1_143' title='bbox 768 1398 989 1451; x_wconf 80' lang='lat' dir='ltr'>diximus</span> <span class='ocrx_word' id='word_1_144' title='bbox 1035 1402 1440 1472; x_wconf 82' lang='lat' dir='ltr'>computatione</span> <span class='ocrx_word' id='word_1_145' title='bbox 1469 1442 1483 1466; x_wconf 80' lang='lat'>,</span> <span class='ocrx_word' id='word_1_146' title='bbox 1527 1418 1564 1455; x_wconf 91' lang='lat' dir='ltr'>D</span> <span class='ocrx_word' id='word_1_147' title='bbox 1587 1417 1620 1454; x_wconf 87' lang='lat' dir='ltr'>C</span> <span class='ocrx_word' id='word_1_148' title='bbox 1639 1415 1672 1453; x_wconf 86' lang='lat' dir='ltr'><strong>c</strong></span> <span class='ocrx_word' id='word_1_149' title='bbox 1688 1416 1722 1453; x_wconf 79' lang='lat' dir='ltr'><strong>c</strong></span> <span class='ocrx_word' id='word_1_150' title='bbox 1739 1417 1772 1453; x_wconf 86' lang='lat' dir='ltr'><strong>c</strong></span> <span class='ocrx_word' id='word_1_151' title='bbox 1790 1416 1820 1452; x_wconf 85' lang='lat' dir='ltr'>L</span> <span class='ocrx_word' id='word_1_152' title='bbox 1839 1418 1878 1454; x_wconf 85' lang='lat' dir='ltr'>x</span> <span class='ocrx_word' id='word_1_153' title='bbox 1896 1419 1929 1454; x_wconf 91' lang='lat' dir='ltr'><strong>v</strong></span> <span class='ocrx_word' id='word_1_154' title='bbox 1951 1421 1990 1455; x_wconf 92' lang='lat'>1.</span> 
     </span>
     <span class='ocr_line' id='line_1_18' title="bbox 415 1471 1425 1546; baseline 0.001 -20"><span class='ocrx_word' id='word_1_155' title='bbox 415 1476 508 1546; x_wconf 82' lang='lat' dir='ltr'>qui</span> <span class='ocrx_word' id='word_1_156' title='bbox 537 1488 750 1546; x_wconf 82' lang='lat' dir='ltr'>quartus</span> <span class='ocrx_word' id='word_1_157' title='bbox 775 1476 995 1525; x_wconf 83' lang='lat' dir='ltr'>omnino</span> <span class='ocrx_word' id='word_1_158' title='bbox 1027 1471 1312 1526; x_wconf 79' lang='lat' dir='ltr'>Caracallae</span> <span class='ocrx_word' id='word_1_159' title='bbox 1334 1473 1425 1527; x_wconf 91' lang='lat' dir='ltr'>est.</span> 
     </span>
    </p>

    <p class='ocr_par' dir='ltr' id='par_1_4' title="bbox 267 1549 826 1615">
     <span class='ocr_line' id='line_1_19' title="bbox 267 1549 826 1615; baseline -0.002 -12"><span class='ocrx_word' id='word_1_160' title='bbox 267 1557 316 1611; x_wconf 69' lang='lat' dir='ltr'><strong>R</strong></span> <span class='ocrx_word' id='word_1_161' title='bbox 334 1550 372 1603; x_wconf 79' lang='lat' dir='ltr'>E</span> <span class='ocrx_word' id='word_1_162' title='bbox 392 1551 491 1602; x_wconf 81' lang='grc' dir='ltr'>ΜῙ</span> <span class='ocrx_word' id='word_1_163' title='bbox 515 1594 528 1615; x_wconf 77' lang='lat'>,</span> <span class='ocrx_word' id='word_1_164' title='bbox 555 1557 605 1600; x_wconf 82' lang='lat' dir='ltr'>in</span> <span class='ocrx_word' id='word_1_165' title='bbox 635 1549 826 1602; x_wconf 68' lang='lat' dir='ltr'><em>Gallia.</em></span> 
     </span>
    </p>

    <p class='ocr_par' dir='ltr' id='par_1_5' title="bbox 334 1623 1994 2593">
     <span class='ocr_line' id='line_1_20' title="bbox 334 1623 1990 1693; baseline -0.008 -12"><span class='ocrx_word' id='word_1_166' title='bbox 334 1627 388 1681; x_wconf 77' lang='lat' dir='ltr'>R</span> <span class='ocrx_word' id='word_1_167' title='bbox 408 1625 446 1677; x_wconf 84' lang='lat' dir='ltr'>E</span> <span class='ocrx_word' id='word_1_168' title='bbox 468 1626 530 1676; x_wconf 91' lang='lat' dir='ltr'>M</span> <span class='ocrx_word' id='word_1_169' title='bbox 553 1626 624 1678; x_wconf 88' lang='lat' dir='ltr'>O.</span> <span class='ocrx_word' id='word_1_170' title='bbox 659 1623 826 1677; x_wconf 88' lang='lat' dir='ltr'>Musei</span> <span class='ocrx_word' id='word_1_171' title='bbox 853 1623 1015 1676; x_wconf 87' lang='lat' dir='ltr'>nostri</span> <span class='ocrx_word' id='word_1_172' title='bbox 1040 1640 1282 1674; x_wconf 85' lang='lat' dir='ltr'>nummus</span> <span class='ocrx_word' id='word_1_173' title='bbox 1321 1623 1566 1692; x_wconf 81' lang='lat' dir='ltr'>antiquus</span> <span class='ocrx_word' id='word_1_174' title='bbox 1604 1663 1619 1687; x_wconf 80' lang='lat'>,</span> <span class='ocrx_word' id='word_1_175' title='bbox 1663 1638 1781 1672; x_wconf 87' lang='lat' dir='ltr'>cum</span> <span class='ocrx_word' id='word_1_176' title='bbox 1817 1634 1990 1693; x_wconf 80' lang='lat' dir='ltr'>terge-</span> 
     </span>
     <span class='ocr_line' id='line_1_21' title="bbox 416 1695 1991 1772; baseline -0.002 -22"><span class='ocrx_word' id='word_1_177' title='bbox 416 1701 564 1750; x_wconf 86' lang='lat' dir='ltr'>mino</span> <span class='ocrx_word' id='word_1_178' title='bbox 615 1702 787 1772; x_wconf 80' lang='lat' dir='ltr'>capite</span> <span class='ocrx_word' id='word_1_179' title='bbox 828 1743 842 1767; x_wconf 76' lang='lat'>‚</span> <span class='ocrx_word' id='word_1_180' title='bbox 879 1702 1034 1751; x_wconf 88' lang='lat' dir='ltr'>trium</span> <span class='ocrx_word' id='word_1_181' title='bbox 1073 1696 1365 1750; x_wconf 78' lang='lat' dir='ltr'>Galliarum</span> <span class='ocrx_word' id='word_1_182' title='bbox 1395 1698 1601 1761; x_wconf 82' lang='lat' dir='ltr'>indice,</span> <span class='ocrx_word' id='word_1_183' title='bbox 1633 1711 1689 1746; x_wconf 86' lang='lat' dir='ltr'>ut</span> <span class='ocrx_word' id='word_1_184' title='bbox 1724 1697 1774 1744; x_wconf 90' lang='lat' dir='ltr'>in</span> <span class='ocrx_word' id='word_1_185' title='bbox 1803 1695 1991 1755; x_wconf 62' lang='lat' dir='ltr'>Galbae</span> 
     </span>
     <span class='ocr_line' id='line_1_22' title="bbox 415 1770 1992 1838; baseline -0.001 -13"><span class='ocrx_word' id='word_1_186' title='bbox 415 1792 636 1826; x_wconf 87' lang='lat' dir='ltr'>nummo</span> <span class='ocrx_word' id='word_1_187' title='bbox 669 1788 820 1826; x_wconf 81' lang='lat' dir='ltr'>antea</span> <span class='ocrx_word' id='word_1_188' title='bbox 854 1774 1075 1825; x_wconf 84' lang='lat' dir='ltr'>diximus</span> <span class='ocrx_word' id='word_1_189' title='bbox 1103 1815 1117 1838; x_wconf 81' lang='lat'>‚</span> <span class='ocrx_word' id='word_1_190' title='bbox 1143 1773 1306 1822; x_wconf 89' lang='lat' dir='ltr'>verbo</span> <span class='ocrx_word' id='word_1_191' title='bbox 1341 1772 1394 1823; x_wconf 87' lang='lat' dir='ltr'><strong>G</strong></span> <span class='ocrx_word' id='word_1_192' title='bbox 1413 1771 1460 1822; x_wconf 85' lang='lat' dir='ltr'>A</span> <span class='ocrx_word' id='word_1_193' title='bbox 1478 1770 1622 1822; x_wconf 92' lang='lat' dir='ltr'>LLI</span> <span class='ocrx_word' id='word_1_194' title='bbox 1643 1771 1691 1822; x_wconf 83' lang='lat' dir='ltr'>A</span> <span class='ocrx_word' id='word_1_195' title='bbox 1714 1794 1724 1823; x_wconf 91' lang='lat'>:</span> <span class='ocrx_word' id='word_1_196' title='bbox 1755 1787 1892 1835; x_wconf 84' lang='lat' dir='ltr'>non,</span> <span class='ocrx_word' id='word_1_197' title='bbox 1918 1773 1992 1823; x_wconf 88' lang='lat' dir='ltr'>uti</span> 
     </span>
     <span class='ocr_line' id='line_1_23' title="bbox 415 1844 1991 1918; baseline -0.001 -16"><span class='ocrx_word' id='word_1_198' title='bbox 415 1849 679 1902; x_wconf 80' lang='lat' dir='ltr'>Marlotus</span> <span class='ocrx_word' id='word_1_199' title='bbox 707 1848 953 1914; x_wconf 82' lang='lat' dir='ltr'>credidit,</span> <span class='ocrx_word' id='word_1_200' title='bbox 987 1846 1077 1900; x_wconf 87' lang='lat' dir='ltr'>lib.</span> <span class='ocrx_word' id='word_1_201' title='bbox 1102 1867 1133 1898; x_wconf 92' lang='lat'>1.</span> <span class='ocrx_word' id='word_1_202' title='bbox 1152 1844 1271 1897; x_wconf 65' lang='lat' dir='ltr'>hist.⁴</span> <span class='ocrx_word' id='word_1_203' title='bbox 1300 1849 1452 1899; x_wconf 86' lang='lat' dir='ltr'>Rem.</span> <span class='ocrx_word' id='word_1_204' title='bbox 1475 1861 1588 1918; x_wconf 85' lang='lat' dir='ltr'>cap.</span> <span class='ocrx_word' id='word_1_205' title='bbox 1615 1863 1663 1897; x_wconf 81' lang='lat' dir='ltr'>v,</span> <span class='ocrx_word' id='word_1_206' title='bbox 1689 1861 1805 1917; x_wconf 78' lang='lat' dir='ltr'>pag.</span> <span class='ocrx_word' id='word_1_207' title='bbox 1829 1863 1991 1901; x_wconf 82' lang='lat' dir='ltr'>xv111.</span> 
     </span>
     <span class='ocr_line' id='line_1_24' title="bbox 414 1915 1990 1994; baseline -0.002 -21"><span class='ocrx_word' id='word_1_208' title='bbox 414 1925 711 1994; x_wconf 60' lang='lat' dir='ltr'>tergeminae</span> <span class='ocrx_word' id='word_1_209' title='bbox 734 1922 1033 1994; x_wconf 68' lang='lat' dir='ltr'>potestati5‚</span> <span class='ocrx_word' id='word_1_210' title='bbox 1057 1939 1172 1992; x_wconf 81' lang='lat' dir='ltr'>quae</span> <span class='ocrx_word' id='word_1_211' title='bbox 1204 1935 1312 1971; x_wconf 87' lang='lat' dir='ltr'>tum</span> <span class='ocrx_word' id='word_1_212' title='bbox 1332 1916 1458 1971; x_wconf 81' lang='lat' dir='ltr'>effet</span> <span class='ocrx_word' id='word_1_213' title='bbox 1480 1921 1531 1969; x_wconf 91' lang='lat' dir='ltr'>in</span> <span class='ocrx_word' id='word_1_214' title='bbox 1565 1915 1692 1970; x_wconf 82' lang='lat' dir='ltr'>urbe</span> <span class='ocrx_word' id='word_1_215' title='bbox 1725 1921 1990 1988; x_wconf 83' lang='lat' dir='ltr'>Remenfi‚</span> 
     </span>
     <span class='ocr_line' id='line_1_25' title="bbox 413 1994 1991 2070; baseline -0.001 -23"><span class='ocrx_word' id='word_1_216' title='bbox 413 1998 665 2070; x_wconf 85' lang='lat' dir='ltr'>Principis</span> <span class='ocrx_word' id='word_1_217' title='bbox 688 2041 700 2062; x_wconf 85' lang='lat'>,</span> <span class='ocrx_word' id='word_1_218' title='bbox 734 2002 951 2052; x_wconf 76' lang='lat' dir='ltr'>Senatus</span> <span class='ocrx_word' id='word_1_219' title='bbox 972 2040 983 2061; x_wconf 93' lang='lat'>,</span> <span class='ocrx_word' id='word_1_220' title='bbox 1011 1994 1218 2068; x_wconf 81' lang='lat' dir='ltr'>Populi.</span> <span class='ocrx_word' id='word_1_221' title='bbox 1251 1996 1373 2047; x_wconf 89' lang='lat' dir='ltr'>Fuit</span> <span class='ocrx_word' id='word_1_222' title='bbox 1405 2012 1524 2045; x_wconf 88' lang='lat' dir='ltr'>cum</span> <span class='ocrx_word' id='word_1_223' title='bbox 1548 1994 1991 2063; x_wconf 86' lang='lat' dir='ltr'>Triumvirorum,</span> 
     </span>
     <span class='ocr_line' id='line_1_26' title="bbox 414 2066 1988 2144; baseline -0.003 -19"><span class='ocrx_word' id='word_1_224' title='bbox 414 2073 648 2138; x_wconf 65' lang='lat' dir='ltr'>Oftavii,</span> <span class='ocrx_word' id='word_1_225' title='bbox 668 2072 909 2136; x_wconf 72' lang='lat' dir='ltr'>Antonii,</span> <span class='ocrx_word' id='word_1_226' title='bbox 930 2072 1135 2144; x_wconf 79' lang='lat' dir='ltr'>Lepidi,</span> <span class='ocrx_word' id='word_1_227' title='bbox 1152 2071 1331 2142; x_wconf 71' lang='lat' dir='ltr'>{ignari</span> <span class='ocrx_word' id='word_1_228' title='bbox 1355 2069 1428 2120; x_wconf 85' lang='lat' dir='ltr'>ibi</span> <span class='ocrx_word' id='word_1_229' title='bbox 1450 2070 1623 2142; x_wconf 81' lang='lat' dir='ltr'>capita</span> <span class='ocrx_word' id='word_1_230' title='bbox 1639 2066 1988 2137; x_wconf 65' lang='lat' dir='ltr'>crederem-iim,</span> 
     </span>
     <span class='ocr_line' id='line_1_27' title="bbox 411 2145 1991 2219; baseline -0.003 -20"><span class='ocrx_word' id='word_1_231' title='bbox 411 2150 549 2199; x_wconf 85' lang='lat' dir='ltr'>utin</span> <span class='ocrx_word' id='word_1_232' title='bbox 579 2162 757 2199; x_wconf 88' lang='lat' dir='ltr'>vetere</span> <span class='ocrx_word' id='word_1_233' title='bbox 798 2164 1014 2197; x_wconf 85' lang='lat' dir='ltr'>nummo</span> <span class='ocrx_word' id='word_1_234' title='bbox 1067 2146 1208 2219; x_wconf 78' lang='lat' dir='ltr'>apud</span> <span class='ocrx_word' id='word_1_235' title='bbox 1254 2145 1493 2198; x_wconf 68' lang='lat' dir='ltr'>Patinum</span> <span class='ocrx_word' id='word_1_236' title='bbox 1522 2160 1692 2216; x_wconf 61' lang='lat' dir='ltr'>„pag</span> <span class='ocrx_word' id='word_1_237' title='bbox 1733 2163 1813 2213; x_wconf 88' lang='lat'>19.</span> <span class='ocrx_word' id='word_1_238' title='bbox 1857 2148 1991 2198; x_wconf 87' lang='lat' dir='ltr'>&amp;in</span> 
     </span>
     <span class='ocr_line' id='line_1_28' title="bbox 412 2217 1994 2295; baseline -0.004 -18"><span class='ocrx_word' id='word_1_239' title='bbox 412 2223 630 2277; x_wconf 81' lang='lat' dir='ltr'>AEmilia</span> <span class='ocrx_word' id='word_1_240' title='bbox 652 2219 846 2273; x_wconf 77' lang='lat' dir='ltr'>familia</span> <span class='ocrx_word' id='word_1_241' title='bbox 868 2268 881 2290; x_wconf 68' lang='lat'>‚</span> <span class='ocrx_word' id='word_1_242' title='bbox 907 2238 1024 2295; x_wconf 71' lang='lat' dir='ltr'>pag.</span> <span class='ocrx_word' id='word_1_243' title='bbox 1056 2241 1123 2288; x_wconf 78' lang='lat'>32.</span> <span class='ocrx_word' id='word_1_244' title='bbox 1144 2219 1245 2275; x_wconf 81' lang='lat' dir='ltr'>S&#39;ed</span> <span class='ocrx_word' id='word_1_245' title='bbox 1266 2222 1408 2292; x_wconf 90' lang='lat' dir='ltr'>prior</span> <span class='ocrx_word' id='word_1_246' title='bbox 1438 2219 1695 2272; x_wconf 83' lang='lat' dir='ltr'>sententia</span> <span class='ocrx_word' id='word_1_247' title='bbox 1728 2217 1793 2270; x_wconf 91' lang='lat' dir='ltr'>de</span> <span class='ocrx_word' id='word_1_248' title='bbox 1822 2234 1994 2291; x_wconf 81' lang='lat' dir='ltr'>terge-</span> 
     </span>
     <span class='ocr_line' id='line_1_29' title="bbox 412 2294 1992 2366; baseline -0.003 -18"><span class='ocrx_word' id='word_1_249' title='bbox 412 2300 554 2349; x_wconf 81' lang='lat' dir='ltr'>mina</span> <span class='ocrx_word' id='word_1_250' title='bbox 584 2294 757 2350; x_wconf 63' lang='lat' dir='ltr'>Gallia</span> <span class='ocrx_word' id='word_1_251' title='bbox 790 2297 873 2349; x_wconf 86' lang='lat' dir='ltr'>vel</span> <span class='ocrx_word' id='word_1_252' title='bbox 905 2313 968 2346; x_wconf 91' lang='lat' dir='ltr'>eo</span> <span class='ocrx_word' id='word_1_253' title='bbox 996 2298 1212 2347; x_wconf 88' lang='lat' dir='ltr'>nomine</span> <span class='ocrx_word' id='word_1_254' title='bbox 1250 2296 1412 2366; x_wconf 77' lang='lat' dir='ltr'>magis</span> <span class='ocrx_word' id='word_1_255' title='bbox 1435 2295 1625 2345; x_wconf 76' lang='lat' dir='ltr'>arridet</span> <span class='ocrx_word' id='word_1_256' title='bbox 1650 2337 1663 2358; x_wconf 81' lang='lat'>‚</span> <span class='ocrx_word' id='word_1_257' title='bbox 1709 2295 1854 2364; x_wconf 80' lang='lat' dir='ltr'>quod</span> <span class='ocrx_word' id='word_1_258' title='bbox 1889 2297 1992 2347; x_wconf 87' lang='lat' dir='ltr'>Sir-</span> 
     </span>
     <span class='ocr_line' id='line_1_30' title="bbox 413 2367 1988 2433; baseline 0.002 -12"><span class='ocrx_word' id='word_1_259' title='bbox 413 2370 665 2423; x_wconf 84' lang='lat' dir='ltr'>mondum</span> <span class='ocrx_word' id='word_1_260' title='bbox 695 2370 926 2422; x_wconf 84' lang='lat' dir='ltr'>nostrum</span> <span class='ocrx_word' id='word_1_261' title='bbox 946 2372 1209 2423; x_wconf 58' lang='lat' dir='ltr'>merorem</span> <span class='ocrx_word' id='word_1_262' title='bbox 1230 2368 1410 2421; x_wconf 77' lang='lat' dir='ltr'>habet.</span> <span class='ocrx_word' id='word_1_263' title='bbox 1439 2367 1609 2422; x_wconf 89' lang='lat' dir='ltr'>Plinio</span> <span class='ocrx_word' id='word_1_264' title='bbox 1626 2410 1640 2433; x_wconf 84' lang='lat'>,</span> <span class='ocrx_word' id='word_1_265' title='bbox 1663 2367 1749 2419; x_wconf 87' lang='lat' dir='ltr'>lib.</span> <span class='ocrx_word' id='word_1_266' title='bbox 1772 2389 1788 2420; x_wconf 95' lang='lat'>1</span> <span class='ocrx_word' id='word_1_267' title='bbox 1811 2386 1858 2421; x_wconf 89' lang='lat' dir='ltr'>v.</span> <span class='ocrx_word' id='word_1_268' title='bbox 1874 2368 1988 2424; x_wconf 47' lang='lat' dir='ltr'>secl.</span> 
     </span>
     <span class='ocr_line' id='line_1_31' title="bbox 412 2440 1990 2518; baseline -0.004 -22"><span class='ocrx_word' id='word_1_269' title='bbox 412 2463 445 2496; x_wconf 74' lang='lat' dir='ltr'>x</span> <span class='ocrx_word' id='word_1_270' title='bbox 466 2466 493 2497; x_wconf 80' lang='lat' dir='ltr'>x</span> <span class='ocrx_word' id='word_1_271' title='bbox 512 2466 543 2498; x_wconf 74' lang='lat' dir='ltr'>x</span> <span class='ocrx_word' id='word_1_272' title='bbox 565 2468 598 2500; x_wconf 87' lang='lat'>1.</span> <span class='ocrx_word' id='word_1_273' title='bbox 629 2443 1024 2509; x_wconf 74' lang='lat' dir='ltr'>Remifoederatz‘</span> <span class='ocrx_word' id='word_1_274' title='bbox 1049 2443 1235 2518; x_wconf 86' lang='lat' dir='ltr'>populi</span> <span class='ocrx_word' id='word_1_275' title='bbox 1268 2444 1502 2498; x_wconf 83' lang='lat' dir='ltr'>Romani</span> <span class='ocrx_word' id='word_1_276' title='bbox 1531 2486 1545 2509; x_wconf 84' lang='lat'>‚</span> <span class='ocrx_word' id='word_1_277' title='bbox 1584 2444 1634 2494; x_wconf 86' lang='lat' dir='ltr'>in</span> <span class='ocrx_word' id='word_1_278' title='bbox 1665 2440 1837 2496; x_wconf 76' lang='lat' dir='ltr'>Gallia</span> <span class='ocrx_word' id='word_1_279' title='bbox 1872 2443 1990 2496; x_wconf 71' lang='lat' dir='ltr'>Bel-</span> 
     </span>
     <span class='ocr_line' id='line_1_32' title="bbox 415 2523 762 2593; baseline 0.006 -21"><span class='ocrx_word' id='word_1_280' title='bbox 415 2523 545 2593; x_wconf 75' lang='lat' dir='ltr'>gica.</span> <span class='ocrx_word' id='word_1_281' title='bbox 579 2527 762 2574; x_wconf 76' lang='lat' dir='ltr'>Reims.</span> 
     </span>
    </p>

    <p class='ocr_par' dir='ltr' id='par_1_6' title="bbox 265 2592 1988 3125">
     <span class='ocr_line' id='line_1_33' title="bbox 265 2592 1987 2664; baseline -0.002 -16"><span class='ocrx_word' id='word_1_282' title='bbox 265 2615 298 2657; x_wconf 49' lang='grc' dir='ltr'>ξ)</span> <span class='ocrx_word' id='word_1_283' title='bbox 316 2613 362 2659; x_wconf 73' lang='lat' dir='ltr'>H</span> <span class='ocrx_word' id='word_1_284' title='bbox 379 2609 454 2657; x_wconf 85' lang='grc' dir='ltr'>ΓΙ</span> <span class='ocrx_word' id='word_1_285' title='bbox 476 2611 519 2654; x_wconf 84' lang='lat' dir='ltr'>N</span> <span class='ocrx_word' id='word_1_286' title='bbox 539 2610 588 2657; x_wconf 82' lang='grc' dir='ltr'>Ω</span> <span class='ocrx_word' id='word_1_287' title='bbox 605 2611 664 2655; x_wconf 76' lang='grc' dir='ltr'>Ν.</span> <span class='ocrx_word' id='word_1_288' title='bbox 693 2599 752 2648; x_wconf 88' lang='lat' dir='ltr'>In</span> <span class='ocrx_word' id='word_1_289' title='bbox 773 2598 996 2648; x_wconf 84' lang='lat' dir='ltr'>nummis</span> <span class='ocrx_word' id='word_1_290' title='bbox 1018 2595 1225 2649; x_wconf 90' lang='lat' dir='ltr'>Cimelii</span> <span class='ocrx_word' id='word_1_291' title='bbox 1244 2594 1404 2647; x_wconf 88' lang='lat' dir='ltr'>nostri</span> <span class='ocrx_word' id='word_1_292' title='bbox 1422 2638 1435 2660; x_wconf 75' lang='lat'>,</span> <span class='ocrx_word' id='word_1_293' title='bbox 1457 2598 1508 2646; x_wconf 61' lang='grc' dir='ltr'>ὃ(</span> <span class='ocrx_word' id='word_1_294' title='bbox 1533 2592 1584 2641; x_wconf 88' lang='lat' dir='ltr'>in</span> <span class='ocrx_word' id='word_1_295' title='bbox 1609 2594 1807 2664; x_wconf 64' lang='lat' dir='ltr'>Magna</span> <span class='ocrx_word' id='word_1_296' title='bbox 1825 2593 1987 2646; x_wconf 81' lang='lat' dir='ltr'>Golt-</span> 
     </span>
     <span class='ocr_line' id='line_1_34' title="bbox 415 2668 1986 2743; baseline -0.003 -19"><span class='ocrx_word' id='word_1_297' title='bbox 415 2676 483 2724; x_wconf 82' lang='lat' dir='ltr'>zii</span> <span class='ocrx_word' id='word_1_298' title='bbox 525 2674 730 2727; x_wconf 79' lang='lat' dir='ltr'>Graecia</span> <span class='ocrx_word' id='word_1_299' title='bbox 762 2717 777 2741; x_wconf 87' lang='lat'>,</span> <span class='ocrx_word' id='word_1_300' title='bbox 806 2674 940 2724; x_wconf 74' lang='lat' dir='ltr'>Tab.</span> <span class='ocrx_word' id='word_1_301' title='bbox 977 2690 1122 2725; x_wconf 79' lang='lat' dir='ltr'><strong>xxv,</strong></span> <span class='ocrx_word' id='word_1_302' title='bbox 1165 2675 1218 2724; x_wconf 85' lang='lat'>&amp;</span> <span class='ocrx_word' id='word_1_303' title='bbox 1260 2688 1438 2722; x_wconf 78' lang='lat' dir='ltr'>xxvi.</span> <span class='ocrx_word' id='word_1_304' title='bbox 1493 2670 1551 2721; x_wconf 84' lang='lat' dir='ltr'>In</span> <span class='ocrx_word' id='word_1_305' title='bbox 1597 2668 1675 2719; x_wconf 86' lang='lat' dir='ltr'>his</span> <span class='ocrx_word' id='word_1_306' title='bbox 1707 2670 1986 2743; x_wconf 66' lang='lat' dir='ltr'>juppiter,</span> 
     </span>
     <span class='ocr_line' id='line_1_35' title="bbox 415 2742 1986 2819; baseline -0.003 -21"><span class='ocrx_word' id='word_1_307' title='bbox 415 2750 592 2806; x_wconf 70' lang='lat' dir='ltr'>Diana</span> <span class='ocrx_word' id='word_1_308' title='bbox 626 2753 678 2801; x_wconf 63' lang='grc' dir='ltr'>ὃς</span> <span class='ocrx_word' id='word_1_309' title='bbox 712 2746 912 2819; x_wconf 80' lang='lat' dir='ltr'>Apollo</span> <span class='ocrx_word' id='word_1_310' title='bbox 955 2765 1071 2799; x_wconf 86' lang='lat' dir='ltr'>cum</span> <span class='ocrx_word' id='word_1_311' title='bbox 1103 2746 1345 2819; x_wconf 80' lang='lat' dir='ltr'>tripode,</span> <span class='ocrx_word' id='word_1_312' title='bbox 1378 2745 1486 2817; x_wconf 80' lang='lat' dir='ltr'>lyra</span> <span class='ocrx_word' id='word_1_313' title='bbox 1531 2742 1847 2817; x_wconf 76' lang='lat' dir='ltr'>Apollinea,</span> <span class='ocrx_word' id='word_1_314' title='bbox 1873 2742 1986 2810; x_wconf 80' lang='lat' dir='ltr'>lec,</span> 
     </span>
     <span class='ocr_line' id='line_1_36' title="bbox 415 2817 1988 2895; baseline -0.005 -22"><span class='ocrx_word' id='word_1_315' title='bbox 415 2821 619 2895; x_wconf 77' lang='lat' dir='ltr'>aliaque</span> <span class='ocrx_word' id='word_1_316' title='bbox 653 2822 829 2874; x_wconf 80' lang='lat' dir='ltr'>fimilia</span> <span class='ocrx_word' id='word_1_317' title='bbox 862 2822 1121 2895; x_wconf 76' lang='lat' dir='ltr'>insculpta</span> <span class='ocrx_word' id='word_1_318' title='bbox 1146 2818 1396 2894; x_wconf 66' lang='lat' dir='ltr'>symbola.</span> <span class='ocrx_word' id='word_1_319' title='bbox 1419 2817 1618 2873; x_wconf 85' lang='lat' dir='ltr'>Nullus</span> <span class='ocrx_word' id='word_1_320' title='bbox 1648 2817 1770 2871; x_wconf 85' lang='lat' dir='ltr'>dum</span> <span class='ocrx_word' id='word_1_321' title='bbox 1801 2835 1988 2870; x_wconf 82' lang='lat' dir='ltr'>occur-</span> 
     </span>
     <span class='ocr_line' id='line_1_37' title="bbox 414 2893 1987 2971; baseline -0.004 -25"><span class='ocrx_word' id='word_1_322' title='bbox 414 2899 477 2947; x_wconf 88' lang='lat' dir='ltr'>rit</span> <span class='ocrx_word' id='word_1_323' title='bbox 494 2941 506 2962; x_wconf 78' lang='lat'>,</span> <span class='ocrx_word' id='word_1_324' title='bbox 528 2901 616 2968; x_wconf 84' lang='lat' dir='ltr'>qui</span> <span class='ocrx_word' id='word_1_325' title='bbox 636 2897 693 2949; x_wconf 82' lang='lat' dir='ltr'>sit</span> <span class='ocrx_word' id='word_1_326' title='bbox 711 2897 900 2971; x_wconf 87' lang='lat' dir='ltr'>leporis</span> <span class='ocrx_word' id='word_1_327' title='bbox 920 2897 1092 2971; x_wconf 76' lang='lat' dir='ltr'>effigie</span> <span class='ocrx_word' id='word_1_328' title='bbox 1115 2895 1410 2970; x_wconf 65' lang='lat' dir='ltr'>insignium,</span> <span class='ocrx_word' id='word_1_329' title='bbox 1437 2910 1736 2965; x_wconf 80' lang='lat' dir='ltr'>quanquam</span> <span class='ocrx_word' id='word_1_330' title='bbox 1766 2893 1987 2964; x_wconf 85' lang='lat' dir='ltr'>idJulius</span> 
     </span>
     <span class='ocr_line' id='line_1_38' title="bbox 414 2967 1984 3045; baseline -0.002 -20"><span class='ocrx_word' id='word_1_331' title='bbox 414 2971 602 3025; x_wconf 81' lang='lat' dir='ltr'>Pollux</span> <span class='ocrx_word' id='word_1_332' title='bbox 625 2971 818 3040; x_wconf 80' lang='lat' dir='ltr'>refert,</span> <span class='ocrx_word' id='word_1_333' title='bbox 851 2972 939 3025; x_wconf 83' lang='lat' dir='ltr'>lib.</span> <span class='ocrx_word' id='word_1_334' title='bbox 975 2991 1056 3026; x_wconf 81' lang='lat' dir='ltr'>IX.</span> <span class='ocrx_word' id='word_1_335' title='bbox 1087 2990 1199 3045; x_wconf 81' lang='lat' dir='ltr'>cap.</span> <span class='ocrx_word' id='word_1_336' title='bbox 1226 2991 1255 3024; x_wconf 85' lang='lat' dir='ltr'>v</span> <span class='ocrx_word' id='word_1_337' title='bbox 1278 2993 1311 3024; x_wconf 87' lang='lat'>1.</span> <span class='ocrx_word' id='word_1_338' title='bbox 1343 2972 1528 3037; x_wconf 53' lang='lat' dir='ltr'>P‘nfivoa</span> <span class='ocrx_word' id='word_1_339' title='bbox 1560 2970 1612 3038; x_wconf 56' lang='lat' dir='ltr'>fi*</span> <span class='ocrx_word' id='word_1_340' title='bbox 1637 2967 1797 3036; x_wconf 59' lang='grc' dir='ltr'>λοηών</span> <span class='ocrx_word' id='word_1_341' title='bbox 1828 2967 1895 3035; x_wconf 60' lang='lat'>‘³55’</span> <span class='ocrx_word' id='word_1_342' title='bbox 1915 2989 1984 3021; x_wconf 81' lang='grc' dir='ltr'>νο-</span> 
     </span>
     <span class='ocr_line' id='line_1_39' title="bbox 414 3041 1986 3125; baseline -0.01 -21"><span class='ocrx_word' id='word_1_343' title='bbox 414 3045 613 3116; x_wconf 58' lang='grc' dir='ltr'>μίσμαπ</span> <span class='ocrx_word' id='word_1_344' title='bbox 643 3048 961 3125; x_wconf 54' lang='grc' dir='ltr'>ὀιελᾴςρινῖ-ἷον.</span> <span class='ocrx_word' id='word_1_345' title='bbox 1031 3047 1134 3102; x_wconf 84' lang='lat' dir='ltr'>Sed</span> <span class='ocrx_word' id='word_1_346' title='bbox 1166 3047 1318 3102; x_wconf 85' lang='lat' dir='ltr'>estin</span> <span class='ocrx_word' id='word_1_347' title='bbox 1354 3047 1649 3101; x_wconf 84' lang='lat' dir='ltr'>Locrorum</span> <span class='ocrx_word' id='word_1_348' title='bbox 1690 3041 1986 3115; x_wconf 81' lang='lat' dir='ltr'>Zephyrio-</span> 
     </span>
    </p>
   </div>
  </div>
 </body>
</html>
