2228 3428
305 241 408 290 290
791 214 1115 287 NUMMI
1178 215 1617 293 ANTIQUI

303 307 349 352 A
365 310 401 354 E
418 309 462 352 O
481 303 524 348 N
540 302 581 345 T
602 301 623 345 1
644 302 688 346 N
708 301 757 347 Ω
773 302 834 346 N.
862 291 924 341 In
943 288 1129 342 Museo
1143 289 1340 342 nostro.
1368 290 1561 343 Plinius
1579 335 1592 358 ‚
1624 290 1715 347 lib.
1756 314 1772 347 1
1799 314 1816 348 1
1845 314 1862 349 1
1878 339 1887 349 .
1903 292 2021 347 sest.

455 392 474 423 1
494 385 540 419 v,
572 364 818 433 Oppidum
836 368 1099 431 Leontini,
1124 365 1176 415 in
1202 362 1388 420 Sicilia.
1419 363 1586 420 Nunc
1610 375 1813 422 Lentim·
1832 411 1850 433 ,
1874 376 2023 423 Cittae

446 439 813 504 FecondiffiWA.

371 526 418 574 A
437 529 473 574 E
490 530 535 575 O
551 528 610 575 N.
655 522 709 571 &
747 526 795 573 A
810 527 845 572 E
863 528 909 572 O
926 527 1023 572 NT
1040 526 1062 571 Ι
1078 529 1123 573 N
1141 528 1187 572 O
1203 528 1249 571 N
1271 559 1285 581 ,
1317 517 1457 589 apud
1488 517 1748 571 Parutam.
1795 518 2021 570 Deriva-

449 607 560 643 tum
587 593 767 666 oppidi
788 607 984 643 nomen
1016 591 1113 648 2175ss
1143 590 1226 650 ms
1243 590 1424 648 λέοντος
1448 593 1649 642 nummi
1674 591 1909 665 plerique
1943 606 2022 644 te..

449 666 675 734 stantum,
708 669 761 718 in
790 665 978 738 quibus
1008 666 1243 717 animalis
1286 665 1391 737 ejus
1439 665 1670 738 expressa
1701 666 1894 737 effigies
1930 667 2022 721 est.

417 806 420 807 ⁷
447 744 581 795 Sunt
600 748 651 796 ὃς
677 744 728 793 in
748 740 935 813 quibus
964 739 1115 812 spicae
1142 739 1440 813 insculptae,
1462 755 1552 792 aut
1583 744 1706 796 Dea
1737 739 1901 814 spicas
1929 756 2025 812 ge-

447 832 564 867 rens
589 860 602 883 ‚
628 814 815 887 quibus
842 813 933 868 soli
966 814 1172 866 ubertas
1201 815 1522 888 intelligitur.
1581 816 1774 870 Cicero
1800 815 1854 865 in
1882 817 2020 868 Ver-

449 907 556 941 rem
579 934 594 958 ‚
618 890 707 947 lib.
742 912 759 946 1
787 911 805 944 1
831 910 848 944 1
865 933 876 947 .
913 898 1084 960 Caput
1107 896 1176 942 rei
1190 889 1562 956 frumentariae,
1590 904 1785 960 campus
1814 895 2024 945 Leonti,

451 982 552 1018 mes.

297 1047 342 1098 A
358 1053 394 1097 E
410 1053 455 1098 O
473 1054 519 1098 N
535 1051 635 1099 TO
651 1051 700 1098 Π
718 1054 764 1099 O
781 1051 827 1098 A
843 1053 915 1099 EI
934 1053 975 1097 T
992 1053 1042 1100 Ω
1058 1056 1119 1101 Ν.
1153 1044 1214 1097 L.
1237 1044 1316 1098 H.
1351 1041 1638 1108 λυκρίζοωπς
1661 1042 1702 1104 n'.
1737 1059 1865 1097 anno
1886 1042 2023 1093 offla..

447 1137 526 1170 vo.
565 1120 832 1171 Nummus
865 1121 1123 1170 Antonini
1152 1121 1263 1185 Pii,
1291 1119 1343 1169 in
1378 1118 1607 1170 Cimelio
1639 1121 1830 1190 Regio,
1860 1125 2025 1170 Leon-

445 1192 675 1259 topoliten
694 1194 745 1242 in
769 1194 1015 1265 AEgypto
1039 1211 1239 1244 nomon
1269 1192 1429 1244 habet
1454 1194 1646 1247 Plinius
1666 1236 1680 1258 ,
1707 1191 1796 1246 lib.
1827 1210 1875 1247 v,
1903 1190 2019 1246 sech

446 1286 533 1321 IX.
576 1268 853 1339 Oppidum
890 1265 1051 1339 ipsum
1097 1268 1295 1325 Λεόντων
1327 1267 1464 1327 πόλις
1491 1309 1505 1330 ,
1547 1276 1767 1321 Leonum
1804 1272 2022 1329 civitas,

448 1359 582 1411 quos
617 1344 666 1391 in
703 1358 766 1392 eo
805 1340 1006 1413 oppido
1043 1342 1266 1396 studiose
1286 1344 1385 1410 ali,
1426 1346 1605 1396 auc’tor
1636 1342 1711 1395 est
1740 1342 2019 1410 AElianuS‚

443 1413 533 1468 lib.
559 1435 625 1470 xi
648 1437 681 1469 1.
713 1415 830 1469 hist.
864 1415 1071 1471 animal.
1103 1435 1218 1493 cap.
1250 1438 1315 1472 VI
1336 1440 1371 1473 1.
1426 1423 1606 1495 Qare
1639 1424 1692 1472 ὅτ.
1720 1421 1773 1470 in
1799 1434 2019 1470 nummo

447 1489 822 1560 subsequente,
1972 1548 1975 1549 ⁷

367 1574 1174 1626 ΛΕΟΝΤΟΠΟΛΕΙΤΩΝ
1205 1612 1218 1635 ,
1247 1570 1395 1644 Juliae
1435 1571 1666 1623 Domnae
1688 1613 1702 1636 ,
1731 1568 1871 1641 apud
1895 1570 2017 1620 Tri-

445 1640 644 1692 stanum
666 1685 679 1709 ,
713 1657 841 1695 tom.
869 1663 936 1697 11.
967 1661 1083 1716 pag.
1119 1665 1246 1715 144.
1276 1644 1359 1696 leo
1390 1644 1614 1695 radiatus
1639 1645 1899 1707 cernitur,
1928 1644 2019 1714 qui

445 1716 702 1787 prioribus
724 1715 943 1789 pedibus
976 1717 1169 1771 fistrurn
1194 1764 1209 1786 ,
1235 1722 1462 1792 AEgypti
1481 1718 1742 1790 peculiare
1764 1717 2017 1769 musicum

443 1789 871 1859 instrumentum,
900 1792 1236 1867 ejusdemque
1260 1795 1545 1869 provinciae
1577 1795 1629 1844 in
1646 1796 1870 1846 nummis
1899 1791 2010 1845 vul-

444 1881 567 1934 gare
592 1862 916 1937 symbolum,
940 1882 1102 1922 tenet.

293 1938 337 1990 L
356 1938 390 1989 E
411 1939 447 1990 P
464 1942 549 1992 TI
568 1942 616 1993 S.
1882 2000 1886 2001 ⁷

363 2014 410 2066 C
432 2015 484 2067 O
505 2015 564 2069 L.
608 2018 695 2070 VI
716 2018 780 2070 C.
817 2019 906 2074 IV
925 2020 984 2072 L.
1021 2020 1119 2075 LE
1137 2019 1192 2071 P.
1234 2016 1445 2072 Colonia
1476 2019 1676 2075 Vic‘i‘rix
1705 2017 1848 2071 Iulia
1879 2027 2014 2087 Lep-

435 2099 517 2143 tos.
546 2089 715 2162 Apud*
736 2093 860 2146 Ant.
878 2095 1093 2168 August.
1113 2094 1259 2149 Dial.
1286 2114 1320 2149 v
1340 2117 1374 2149 1.
1396 2097 1584 2167 Antiq.
1607 2091 1865 2150 Numism.
1894 2112 2014 2168 pag.

442 2187 518 2236 91.
559 2169 612 2217 &
639 2167 691 2217 in
724 2169 953 2221 Cimelio
986 2172 1175 2242 Regio.
1218 2170 1375 2244 Apud
1409 2173 1689 2225 Occonem
1711 2213 1725 2237 ,
1754 2186 1875 2242 pag.
1914 2189 2013 2241 73.

435 2239 601 2307 male,
634 2243 680 2294 C
705 2245 757 2296 O
775 2245 817 2296 L
835 2248 883 2298 V
905 2247 927 2297 I
947 2245 1012 2298 C.
1045 2247 1129 2299 IV
1150 2246 1195 2298 L
1216 2247 1251 2298 E
1270 2248 1325 2300 P.
1349 2246 1524 2298 Plinio
1543 2289 1557 2312 ,
1589 2242 1678 2299 lib.
1704 2264 1751 2296 v.
1781 2243 1895 2299 feel.
1929 2265 1943 2297 1
1963 2263 2011 2299 v.

443 2324 615 2382 Leptis
630 2315 826 2382 altera,
851 2338 956 2386 quae
972 2327 1333 2393 cognominatur
1345 2339 1558 2393 magna,
1583 2322 1633 2371 in
1663 2316 1859 2372 Africa.
1879 2320 2008 2371 Ho-

443 2390 525 2440 die
550 2389 768 2445 Lebida.
808 2392 948 2447 Vide
976 2393 1121 2465 plura
1153 2396 1205 2444 in
1238 2395 1374 2445 notis
1403 2394 1470 2445 ad
1492 2391 1732 2448 Plinium.
1965 2449 1969 2451 ,

358 2475 405 2523 Λ
420 2478 456 2523 E
477 2475 527 2520 Π
549 2477 622 2520 TI
641 2474 702 2527 Σ,
733 2469 999 2521 Nummus
1022 2465 1223 2519 Tiberii
1245 2468 1462 2540 Augusti
1478 2511 1492 2535 ,
1514 2484 1542 2519 e
1565 2471 1716 2523 Gaza
1740 2467 1906 2539 Regia
1924 2511 1938 2534 ,
1957 2468 2011 2521 in

432 2558 541 2611 quo
575 2542 826 2594 Mercurii
855 2555 1013 2615 caput
1037 2536 1327 2614 expressum
1349 2585 1363 2608 ,
1397 2561 1514 2593 cum
1552 2557 1672 2593 toto
1704 2543 1932 2614 pestore.

281 2620 672 2678 'AECBIQN
710 2628 926 2675 KOIN.
975 2618 1104 2669 Hoc
1138 2615 1211 2668 est
1238 2661 1252 2683 ,
1299 2618 1465 2674 Kowo‘v.
1506 2626 1765 2673 commune
1801 2615 2006 2671 Lesbio-

435 2709 553 2746 rum.
586 2693 666 2745 M.
704 2691 901 2746 Aurelii
932 2708 1209 2758 nummus,
1243 2710 1271 2744 e
1298 2692 1527 2745 Cimelio
1567 2693 1758 2764 RegiO.
1799 2690 2006 2759 Plinio,
2033 2697 2045 2746 ,’

431 2763 518 2818 lib.
542 2786 590 2821 v,
618 2761 734 2820 seer.
768 2782 890 2819 xxx
909 2789 922 2822 ι
941 2785 989 2819 X.
1019 2765 1226 2828 Lesbos,
1259 2766 1444 2821 insula:
1475 2767 1633 2820 hodie
1651 2763 1872 2822 Metelin
1891 2808 1907 2829 ‚
1937 2766 2003 2821 ab

433 2842 633 2913 oppido
662 2843 808 2912 quod
837 2841 907 2893 ibi
929 2840 1127 2914 insigne
1155 2841 1261 2910 est,
1293 2843 1570 2915 Mytilene.

354 2926 528 2972 ATT.
573 2929 630 2974 K.
671 2929 868 2975 KoM.
908 2928 1484 2977 ANTQNEINOC·
1523 2915 1845 2987 Ἀυπκροίτωρ
1887 2921 1997 2982 Κάϊ-

429 3017 519 3063 vaf
558 2991 753 3061 Ko‘msbs
788 2993 1112 3061 'Avwv&v&.
1184 2997 1246 3047 In
1272 2991 1542 3066 superficie
1581 2994 1780 3044 nummi
1809 2990 2000 3058 altera,

428 3069 696 3139 geminum
723 3070 946 3124 Numen
971 3067 1316 3144 insculptum,
1342 3066 1433 3123 sub
1465 3067 1612 3139 cujus
1640 3063 1806 3143 tutela
1825 3063 2002 3118 Lesbii
