2228 3428
283 219 396 288 564
931 199 992 254 N
1032 199 1083 253 U
1122 198 1186 251 M
1226 198 1290 252 M
1331 199 1357 252 Ι

352 284 507 343 ἑὶῖἓσις
526 329 538 350 ‚
560 285 631 340 ἕνη
660 279 843 352 ψνοοςξίν
870 277 923 333 ἐν
947 277 1031 345 ἴσῳ
1057 278 1092 345 ’ῥ
1125 278 1220 348 ’πῦρ
1241 276 1338 331 εἶσιν
1369 272 1417 335 οᾶ
1436 271 1607 331 ⁶393&-
1643 280 1745 331 &C.
1775 277 1999 335 Habent

358 347 610 435 AEgienses
632 358 868 423 vetustum
899 358 1098 404 Lucinae
1109 348 1309 414 fanum.
1344 355 1473 403 Deae
1487 349 1795 421 fimulacrum
1821 373 1855 404 a
1881 374 2001 407 ver-

358 443 451 488 tice
477 435 551 484 ad
583 428 764 483 calcem
791 434 923 482 tenus·
958 423 1162 497 carbaso
1191 425 1419 477 velatum
1437 466 1453 487 ,
1483 426 1688 497 ligneum
1717 429 1806 495 est,
1820 441 2006 494 praeter

360 509 663 582 05,summcas
684 522 856 556 manus
876 547 889 570 ,
913 504 971 565 ὠ
992 500 1135 570 pedes
1156 523 1170 551 .·
1186 502 1311 577 sunt
1333 507 1458 552 enim
1489 497 1562 551 hae
1581 514 1747 568 partes
1768 520 1792 551 e
1816 507 2003 556 Pente-

360 585 449 636 lico
478 601 726 635 marmore.
763 580 998 635 Alteram
1024 595 1223 629 manum
1237 584 1476 651 porrigit,
1500 575 1662 627 altem
1675 573 1846 641 facem
1873 589 2003 644 prce-

350 658 473 725 fert.
510 656 811 711 Attributas
845 662 886 705 ei
901 650 1040 720 faces
1066 673 1124 705 ex
1149 672 1198 702 eo
1211 650 1454 727 fitspt'cari
1470 651 1640 720 poffi's,
1675 651 1807 722 quod
1822 663 2008 718 partu-

360 742 535 788 rientes
564 730 698 784 dolor
717 729 856 783 haud
863 729 997 803 secus
1026 743 1180 798 atque
1205 734 1328 803 ignis
1348 747 1480 779 urere
1505 725 1770 789 videatur,
1794 731 1893 782 &Q
1924 728 2010 780 Ex

357 825 507 883 parte
537 809 736 860 nummi
765 805 1077 876 alteraJuno
1111 799 1414 875 sceptrifera
1445 802 1519 854 est
1538 847 1553 870 ‚
1581 821 1696 875 quae
1727 800 1907 854 eadem
1939 809 2012 852 ac

361 886 578 937 Lucina.
615 880 767 937 Unde
791 885 844 933 &
877 882 928 929 in
962 882 1328 932 Romanorum
1357 880 1580 929 nummis
1597 920 1611 944 ,
1646 880 1734 931 IV
1752 878 1810 931 N
1833 877 1886 929 O
1903 878 1961 931 N
1983 875 2009 928 I

359 960 406 1012 L
421 963 469 1012 V
491 961 577 1014 CI
597 961 653 1012 N
675 957 787 1008 AE.
819 950 932 1009 Effe
955 952 1095 1026 apud
1114 951 1384 1026 AEgienses
1412 953 1698 1027 &Junonis
1721 949 1895 1003 lucum
1913 994 1928 1017 ,
1953 955 2010 1004 δε

360 1031 680 1107 AEsculapii,
710 1029 920 1094 Liberi,
957 1044 1019 1078 ac
1054 1030 1307 1081 Minervae
1343 1026 1460 1079 fana
1488 1070 1504 1094 ‚
1536 1029 1716 1079 auster
1761 1024 1837 1077 est
1866 1025 2008 1077 idem

361 1107 661 1173 Pausania8‚
688 1106 791 1158 loc,
815 1106 905 1158 cit.
932 1103 1018 1158 Est
1047 1105 1205 1178 igitur
1232 1101 1318 1156 hic
1338 1119 1577 1155 nummus
1606 1098 1931 1174 AEgienfium
1952 1101 2007 1152 in

357 1183 580 1236 Achaia.

286 1268 694 1319 AIZANEIT
717 1269 844 1316 ΩΝ.
874 1264 975 1315 ΕΠ
999 1269 1037 1313 1.
1066 1264 1411 1315 ΡΟΥΦΟΥ.
1451 1251 2009 1324 ΦΛΑΚΚΟΥ.]ιιρ.

361 1337 500 1407 piter
525 1335 684 1400 stanS,
702 1333 931 1406 aquilam
958 1335 1143 1384 dextra
1164 1373 1179 1399 ,
1199 1329 1325 1382 laeva
1353 1328 1551 1382 hastam
1580 1330 1742 1402 gerit,
1776 1330 1829 1378 in
1849 1335 2003 1391 num-j

361 1427 450 1461 mo
482 1409 735 1482 Caligulae
754 1453 768 1475 ,
793 1425 821 1460 e
851 1409 1019 1480 Regia
1042 1408 1212 1461 Gaza.

288 1494 657 1543 AIZANIT
677 1496 787 1542 ΩΝ
819 1490 1409 1541 ΜΗΤΡΟΠΟΑΙΕ.
1435 1481 1511 1533 Ut
1539 1481 1592 1530 in
1620 1477 1779 1530 allato
1807 1475 2008 1529 anobis

363 1560 568 1614 Sabinae
593 1578 810 1611 nummo
841 1561 1022 1632 Hygia
1054 1558 1343 1632 serpentem
1377 1553 1566 1628 pascit,
1593 1553 1737 1605 sicin
1764 1549 1862 1604 isto
1893 1553 2010 1605 An-

362 1637 530 1687 tonini
560 1636 670 1702 Pii,
703 1632 984 1705 insculptus
1014 1632 1120 1704 ipse
1148 1629 1482 1702 AEsculapius
1511 1628 1620 1692 est,
1646 1643 1764 1678 cum
1800 1623 2009 1691 baculo,

363 1725 523 1778 quem
550 1708 753 1779 serpens
779 1706 1153 1779 circumplicat.
1191 1706 1372 1777 Digna
1399 1716 1651 1775 praeterea
1681 1699 2010 1752 animadvera

362 1782 506 1836 fione
529 1782 601 1835 est
618 1781 987 1856 Metropoleos
1011 1779 1289 1833 honoraria
1313 1779 1660 1851 praerogativa
1676 1814 1690 1841 ‚
1720 1790 1824 1846 qua
1844 1773 2011 1825 dona-

364 1871 419 1908 ta
446 1874 506 1910 ea
531 1859 708 1909 civitas
731 1856 819 1910 est.
849 1858 888 1909 E
922 1853 1106 1910 Museo
1131 1853 1327 1905 nostro,

288 1942 369 1988 ΑΙ
386 1940 431 1994 Σ
447 1945 493 1990 O
510 1942 605 1989 ΛΕ
626 1944 676 1990 Ω
693 1945 755 1990 N.
794 1935 1055 1985 Racemus
1074 1972 1089 1995 ‚
1114 1930 1218 1980 vini
1248 1926 1433 1979 feracis
1458 1926 1567 2000 agri
1588 1922 1902 1998 symbolum.
1932 1925 2010 1978 Ex

361 2022 511 2080 parte
536 2008 736 2073 aversa,
767 2004 990 2060 Palladis
1010 2016 1184 2077 caput.
1210 2002 1250 2054 E
1285 2001 1514 2054 Cimelio
1536 2002 1711 2073 Regio
1731 2043 1744 2065 ,
1767 2017 2009 2051 nummus

359 2083 602 2152 antiquus
622 2125 635 2148 ,
665 2098 784 2132 cum
813 2078 866 2131 id
889 2076 1144 2152 oppidum
1172 2075 1326 2130 Plinii
1346 2077 1453 2148 jam
1473 2093 1585 2128 aevo
1605 2075 1890 2141 interierit,
1919 2091 2010 2126 cu„

353 2158 438 2229 jus
466 2159 604 2209 cives
622 2170 894 2208 nummum
920 2154 1063 2207 hunc
1091 2149 1210 2204 cudi
1234 2148 1437 2222 jussere.
1466 2149 1580 2202 Lib.
1618 2170 1636 2203 1
1662 2171 1676 2204 1
1705 2169 1750 2203 1.
1778 2147 1889 2205 sear.
1925 2167 1996 2202 nc.

358 2234 411 2283 in
443 2232 610 2304 prima
635 2231 800 2284 Italiae
824 2232 1071 2303 regione,
1099 2225 1351 2301 AEsolani.
1379 2225 1466 2278 Ab
1491 2224 1701 2291 AEsola,
1729 2223 1832 2277 five
1851 2223 2009 2281 AEsu-

360 2303 436 2373 la,
463 2305 530 2358 de
564 2323 668 2378 qua
702 2307 995 2373 HoratiuS‚
1022 2302 1112 2358 lib.
1154 2325 1171 2356 1
1199 2324 1215 2357 1
1243 2322 1287 2356 1.
1319 2299 1446 2355 Ode
1472 2319 1586 2354 xx1
1606 2318 1656 2355 x·

520 2382 820 2456 Nestmper
845 2380 990 2432 udum
1019 2377 1213 2439 Tibur,
1243 2373 1303 2438 ὠ
1335 2373 1528 2448 AEficlae

679 2454 894 2510 Declive
926 2450 1253 2520 contempleris
1275 2470 1473 2506 arvum,

288 2540 431 2587 AIT
452 2541 502 2588 Ω
525 2540 571 2588 Α
591 2540 721 2589 ΩΝ.
767 2527 925 2603 Apud
971 2528 1249 2582 Goltzium
1281 2568 1297 2592 ‚
1341 2528 1394 2576 in
1435 2525 1670 2590 Graecia,
1701 2523 1839 2577 Tab.
1883 2542 1951 2578 vi
1972 2532 2014 2579 1:

364 2604 630 2659 Hercules
668 2606 993 2658 Centaurum
1029 2601 1175 2654 clava
1208 2600 1441 2653 conficit.
1488 2597 1625 2653 Vide
1653 2599 1860 2670 Hygin.
1898 2595 2009 2653 fab.

363 2696 445 2731 xx
465 2697 498 2731 x
519 2701 555 2734 1.
605 2698 729 2733 xxx
749 2700 766 2734 1
788 2700 805 2733 1
824 2700 861 2733 1.
902 2683 958 2731 &
1000 2694 1162 2730 xxx1
1183 2693 1232 2728 v,
1284 2680 1414 2731 Sunt
1456 2679 1510 2727 ὃς
1541 2676 1594 2724 in
1645 2672 1834 2746 quibus
1881 2689 2009 2746 aper

366 2753 686 2826 Calydonius
701 2797 715 2820 ,
733 2770 890 2826 quem
913 2752 1185 2823 Meleager
1203 2792 1216 2814 ,
1241 2765 1299 2802 ut
1319 2746 1510 2801 fabulae
1529 2748 1705 2801 ferunt
1718 2791 1733 2813 ,
1751 2743 2004 2804 confecit,

287 2841 332 2885 A
348 2840 390 2887 K
409 2844 442 2886 P
460 2841 596 2886 ACI
617 2841 667 2887 Ω
690 2841 730 2884 T
749 2841 799 2888 Ω
818 2842 878 2886 Ν.
911 2838 1048 2887 ΕΠΙ.
1082 2837 1270 2884 CTPA.
1313 2834 1538 2881 AAMA.
1578 2831 1918 2878 ATTAAOT.
1953 2834 2007 2878 B.

364 2903 464 2959 Sub
494 2911 714 2959 Praetore
732 2904 985 2978 Damasia
1010 2899 1230 2964 Attalo,
1256 2901 1342 2953 vel
1367 2900 1549 2965 Attali
1569 2906 1633 2952 F.
1661 2905 1853 2950 iterum.
1874 2899 2010 2951 Dia-

363 2997 430 3032 na
458 2980 703 3053 Ephefia,
729 2997 846 3032 cum
880 2979 978 3030 alia
999 2975 1238 3030 muliebri
1262 2977 1442 3042 icone,
1471 2992 1587 3046 quae
1625 2987 1858 3046 pateram
1885 2970 2008 3022 dex-

363 3067 470 3181 Ka,
497 3054 623 3108 laeva
652 3056 837 3133 Copiae
868 3070 1032 3109 cornu
1058 3053 1225 3129 gerit,
1248 3051 1299 3113 in
1318 3050 1492 3109 Severi
1516 3065 1765 3116 numnio,
1793 3063 1821 3100 e
1855 3046 2005 3102 Gaza

418 3143 548 3205 egra„
