2228 3428
265 227 369 293 178
625 211 1005 271 NUMMI
1079 212 1574 292 ANTIQUI

405 313 443 349 1>
463 311 488 344 c
506 309 534 343 c
553 308 581 343 c
595 309 622 341 c
641 310 671 345 1.
689 310 705 342 1
723 311 741 343 1
761 309 796 343 1.
839 285 1111 343 Caracalla
1132 332 1148 356 ‚
1181 289 1259 363 cuj
1271 308 1325 341 us
1366 308 1499 342 uxor
1528 290 1771 347 Plautina
1800 334 1816 361 ,
1850 306 1974 345 cum

404 371 600 421 Severo
630 379 811 439 patre,
834 364 980 437 cujus
1004 363 1090 416 hic
1114 381 1278 416 annus
1298 382 1470 418 nonus
1484 367 1807 439 principatus
1827 411 1842 435 ‚
1866 370 1976 422 Irn-

402 455 645 514 peratore
676 439 787 511 jam
825 454 934 493 tum
967 441 1160 512 pariter
1186 441 1239 491 in
1254 441 1480 495 nummis
1503 440 1762 514 Fastisque
1789 442 1972 519 appel-

403 517 528 570 lato,
567 514 707 572 Vide
748 515 1048 569 Occonem.

323 605 362 651 Γ
380 605 422 648 Α
440 601 478 646 Ζ
501 602 557 647 A.
592 605 635 647 A
651 601 689 645 Z
706 604 754 648 E,
789 589 1044 644 Plautillae
1064 590 1309 665 Augustae
1325 634 1340 659 ,
1359 590 1500 665 apud
1529 591 1700 646 Patin.
1726 606 1844 664 pag.
1876 611 1969 661 313·

398 685 742 741 quonummo
760 668 1020 739 geminum
1047 665 1155 737 ejus
1183 667 1368 741 oppidi
1393 683 1589 719 nomen
1617 666 1832 717 indicari
1857 669 1974 736 quis

395 741 537 796 haud
567 756 765 794 temere
791 741 969 794 forsan
1003 740 1197 795 credat.
1238 739 1538 813 Stephanus
1570 765 1580 794 ε
1620 743 1772 816 Γοίζα,
1792 783 1807 807 ,
1831 739 1974 798 ’πόλις

399 823 596 880 Φοινίκης
613 863 626 887 ‚
651 824 734 873 ναῖ’
757 817 785 892 ’3
808 815 1095 882 Πωλοᾳςίνης
1113 859 1124 871 .
1148 857 1189 870 ..
1215 816 1398 877 ὀκλνῖθη
1420 820 1455 889 ag}
1473 815 1635 893 ’Άζοσ
1655 820 1689 889 ²53
1718 815 1864 892 pce'gkgc
1890 820 1976 874 mk}

397 895 537 960 Eu'eyc
561 891 710 970 ’'A<wt
739 892 900 950 oab-cim*
924 892 1146 960 υλοὸσυ
1165 934 1176 946 .
1195 935 1207 948 .
1228 935 1239 946 .
1256 935 1268 948 .
1298 895 1323 948 0‘
1345 899 1543 956 malm
1569 936 1585 959 a
1617 897 1971 969 FoeCoZJQd......

396 969 487 1041 Koq‘
516 970 571 1028 w*
606 964 693 1028 ‘xiid'
720 975 944 1041 Kpn‘tvm'ou
982 969 1096 1027 Διός
1126 971 1234 1040 παρ’
1263 970 1417 1028 chetei}
1440 970 1492 1038 ἷξε)
1520 1011 1536 1036 ·,
1572 968 1600 1025 δ’
1625 971 1666 1031 Ε
1714 971 1814 1037 κριΘ’
1845 969 1973 1039 ἐμοῖς

396 1045 625 1104 ὀκείλοιω
644 1046 864 1120 Μσορνεὲν
879 1089 892 1113 ,
913 1044 1253 1117 ἕρμΜνώᾶμδζρον
1270 1056 1315 1102 Κ
1316 1048 1536 1118 ρηπιψξυὶἶ
1540 1088 1550 1100 .
1568 1053 1717 1115 Gaza
1737 1085 1752 1109 ‚
1774 1041 1974 1100 Phaeni-

395 1140 466 1174 ces
479 1123 726 1191 oppidum,
747 1139 870 1174 nunc
884 1119 1222 1190 Palaestjnae...
1242 1127 1417 1174 Etiam
1432 1126 1561 1192 Aza
1580 1133 1865 1189 nuncupata
1892 1121 1970 1189 est,

393 1212 548 1269 atque
572 1195 662 1251 huc
680 1199 827 1271 usque
844 1202 954 1272 Syri
971 1215 1082 1248 eam
1101 1203 1277 1266 Azam
1295 1211 1479 1249 vocant
1501 1239 1512 1250 .
1532 1237 1541 1250 .
1559 1238 1570 1250 .
1592 1238 1601 1249 .
1628 1202 1668 1249 I
1669 1193 1719 1247 bi
1740 1193 1801 1257 ὠ
1825 1203 1859 1250 I
1865 1203 1971 1247 ovis

398 1280 577 1326 Cretaez'
601 1271 829 1340 templum
856 1312 871 1334 ,
910 1291 1052 1344 qnem
1084 1279 1325 1325 Marnan
1364 1274 1518 1341 nostra
1556 1285 1708 1324 aetate
1752 1282 1971 1334 vocant,

393 1345 481 1400 hoc
507 1351 593 1420 est,
619 1353 873 1420 Κρηπψῇῆ
886 1390 900 1413 ,
940 1354 1089 1400 Creta
1113 1359 1302 1401 natum.
1336 1346 1638 1423 Qarehuc
1657 1343 1855 1421 spectat
1889 1357 1970 1399 ταῲ

391 1424 604 1475 riss'imus
627 1425 794 1477 Musei
822 1421 983 1474 nostri
1010 1441 1253 1474 nummus
1274 1426 1432 1490 ,Tito
1452 1424 1688 1496 principe
1711 1418 1856 1474 cusus
1877 1464 1891 1488 ,
1911 1425 1965 1475 δι

390 1514 421 1549 a.
448 1497 695 1551 Tristano
722 1498 891 1548 editus
918 1541 933 1563 ‚
964 1511 1095 1549 tom.
1134 1518 1151 1551 1
1177 1518 1195 1551 1
1214 1538 1226 1553 .
1261 1515 1380 1570 pag.
1422 1519 1446 1549 2
1468 1515 1551 1568 50.
1585 1513 1704 1548 cum
1732 1494 1831 1548 hac
1858 1497 1968 1569 epi-

391 1572 623 1646 graphe,
653 1582 691 1628 Z
709 1581 860 1634 ΕΥΣ
900 1581 1457 1632 ΚΡΗΤΑΓΕΝΗΣ
1477 1616 1490 1639 ,
1510 1572 1561 1621 in
1592 1588 1702 1642 quo
1720 1570 1966 1645 Juppiter

392 1648 575 1701 dextra
602 1646 801 1700 fulmen
820 1651 1015 1715 vibrat,
1040 1650 1174 1698 inter
1195 1647 1355 1699 sidera
1382 1647 1577 1720 septem
1603 1646 1844 1697 errantia.
1878 1647 1969 1699 De

389 1722 577 1775 Marna
603 1727 789 1775 iterum
815 1725 1178 1795 Hieronymus
1197 1766 1210 1788 ,
1232 1720 1378 1795 epist.
1405 1723 1471 1773 ad
1493 1720 1723 1774 Laetam:
1755 1725 1878 1771 Iam
1906 1714 1968 1781 ξέ-

390 1805 665 1878 AEgyptim
694 1807 890 1867 Serapis
930 1794 1236 1864 Christianus
1270 1796 1446 1861 fafim
1475 1796 1538 1863 cst
1566 1835 1580 1857 ‚
1629 1792 1690 1857 εἰ*
1731 1802 1967 1851 Marnas

391 1883 549 1945 Gazae
582 1874 715 1948 luget
750 1873 985 1946 inclustts‚
1031 1869 1092 1933 ὠ
1118 1871 1401 1942 ευσζβοηεφη
1428 1867 1624 1939 Templi
1650 1869 1965 1944 pertimescit.

391 1951 459 2002 Et
483 1953 534 2002 in
563 1953 672 2002 vita
703 1948 922 2003 Hilarii:
952 1946 1051 2002 Sed
1072 1945 1133 2009 ὠ
1154 1946 1370 2002 Italicus
1396 1945 1603 2021 ejusdem
1631 1946 1795 2017 oppidi
1815 1951 1969 1999 muni-

387 2039 492 2093 ceps
506 2023 771 2098 adversum
800 2023 1067 2097 Gazenfim
1097 2029 1436 2078 Duumvirum
1454 2064 1471 2086 ,
1492 2029 1706 2076 Marnae
1728 2021 1857 2074 idolo
1879 2019 1963 2074 de-

386 2103 565 2155 ditum.
608 2104 807 2154 Verum
856 2116 911 2152 ut
939 2099 1006 2151 ad
1047 2118 1319 2152 nummum
1358 2099 1628 2152 redeamus
1644 2140 1659 2165 ,
1700 2115 1797 2171 pro
1824 2093 1964 2150 hisce

385 2181 528 2231 notis
556 2189 600 2232 A
615 2185 703 2233 ZE
723 2221 737 2245 ,
761 2175 860 2249 legi
881 2178 1046 2228 verius
1074 2190 1255 2246 putem
1283 2189 1532 2249 oportere
1553 2185 1595 2229 A
1614 2184 1659 2234 Ξ
1676 2186 1715 2232 C
1733 2218 1748 2242 ,
1771 2169 1963 2245 quibus

382 2247 565 2305 litteris
588 2269 749 2302 annus
777 2249 1006 2323 signetur
1031 2249 1131 2323 σξοί
1145 2293 1159 2316 ,
1180 2249 1285 2300 hoc
1304 2249 1379 2301 est
1394 2291 1409 2315 ,
1433 2267 1461 2301 c
1479 2266 1508 2299 c
1525 2267 1559 2303 L
1577 2266 1612 2300 x
1627 2268 1663 2303 1.
1685 2266 1798 2301 aerae
1814 2262 1962 2297 nem-

382 2341 450 2398 pe
480 2324 798 2380 Gazenfium
820 2366 834 2390 ,
867 2323 934 2374 de
959 2341 1064 2394 qua.
1093 2337 1248 2375 antea
1271 2320 1492 2373 diximus
1524 2345 1536 2376 :
1573 2324 1665 2393 qui
1689 2337 1851 2373 annus
1880 2322 1961 2372 in-

384 2398 514 2451 cidit
548 2399 600 2449 in
628 2396 784 2452 Urbis
828 2415 1021 2449 annum
1056 2417 1094 2453 D
1117 2415 1144 2449 c
1161 2415 1188 2448 c
1206 2415 1233 2448 c
1250 2415 1278 2447 c
1299 2416 1349 2450 L.
1388 2398 1562 2452 Severi
1590 2396 1785 2449 sextum
1801 2437 1816 2462 ,
1839 2411 1958 2445 cum

377 2473 486 2545 jam
525 2471 809 2538 Caracallae
846 2470 1088 2525 Plautilla.
1106 2470 1371 2545 nupsiffet.
1396 2473 1463 2525 Et
1485 2481 1525 2525 Z
1553 2473 1602 2523 in
1622 2472 1841 2524 nummis
1861 2486 1958 2542 pro

391 2560 435 2607 Ξ
469 2548 725 2599 interdum
772 2546 950 2613 scribi,
993 2546 1096 2597 hoc
1131 2544 1410 2620 praesertim
1453 2564 1565 2600 aevo
1593 2591 1608 2614 ‚
1650 2546 1879 2620 superius
1903 2545 1959 2596 in

383 2624 607 2675 nummis
644 2636 687 2678 A
704 2636 806 2681 NT
824 2635 844 2678 Ι
864 2636 909 2680 O
926 2633 971 2678 X
986 2635 1023 2679 E
1042 2634 1091 2679 Ω
1111 2635 1157 2679 Ν
1182 2622 1418 2675 vidimus,

304 2713 343 2759 Γ
358 2710 400 2754 Α
416 2708 455 2752 Ζ
478 2710 517 2754 A
533 2711 557 2754 I
578 2709 626 2754 Ω
643 2711 704 2754 Ν.
740 2700 850 2750 Titi
871 2715 1109 2748 nummus
1128 2713 1156 2748 e
1171 2691 1443 2749 Thesauro
1462 2696 1665 2750 Goltzii
1681 2740 1694 2762 ,
1719 2710 1836 2768 pag.
1859 2711 1954 2764 215.

305 2788 369 2834 A.
409 2789 456 2833 O
474 2785 628 2831 ΥΙ-ΙΡ
649 2786 763 2831 OC.
797 2784 895 2830 KA
913 2785 935 2828 I
952 2785 1049 2830 CA
1068 2786 1119 2828 P.
1149 2780 1216 2828 L.
1243 2780 1403 2827 Verus
1431 2769 1626 2846 Caestzr,
1653 2772 1735 2825 M.
1757 2767 1957 2822 Aurelii

381 2851 640 2903 Antonini
669 2847 974 2921 Philosophi
1002 2851 1161 2900 frater
1179 2892 1194 2916 ,
1225 2849 1439 2901 &idem
1467 2850 1519 2898 in
1540 2847 1764 2920 imperio
1791 2841 1956 2895 colle-

379 2942 461 2998 ga.
491 2934 642 2982 ΓΑΖ
662 2938 721 2980 A.
760 2937 800 2982 C
821 2937 929 2982 ΚΕ.
975 2933 1123 2993 Gaza
1142 2963 1158 2985 ‚
1186 2941 1316 2976 anno
1345 2923 1451 2992 oue‘,
1480 2923 1586 2975 hoc
1617 2919 1692 2972 est
1718 2964 1732 2987 ,
1765 2934 1950 2970 ccxxv.

378 3017 570 3072 nempe
589 2999 902 3054 Gazenfium
919 3017 1044 3051 aerae:
1067 3001 1154 3069 qui
1171 2996 1267 3050 fuit
1285 2999 1437 3053 Urbis
1454 3001 1640 3051 Romae
1671 3007 1953 3050 Dccccx1V.
1983 3025 1988 3029 -

379 3074 459 3127 M.
489 3073 689 3127 Aurelii
717 3079 771 3129 δὲ
795 3075 854 3128 L.
876 3075 1001 3129 Veri
1030 3070 1298 3126 secundus.
1333 3074 1373 3126 E
1411 3072 1599 3125 Museo
1626 3067 1821 3119 nostro,
