2228 3428
353 265 418 295 ,2
756 233 1670 310 NUMMIANTIQUI

454 320 767 366 TQNOC„
812 322 914 367 AC
938 319 1277 367 IAPXOT.
1319 320 1456 366 ΚΑΙ.
1497 318 1745 368 APXIE
1787 322 1868 369 ΓΙ.
1902 316 2026 370 HO-

456 398 500 441 Λ
518 397 552 440 Ε
573 396 622 441 Ω
639 398 702 440 Ν.
743 394 785 441 Κ
803 398 848 442 O
867 396 965 441 ΙΝ.
998 387 1188 457 Itaque
1211 383 1539 436 reddiderat:
1577 392 1818 439 ,Frontone
1849 389 2030 464 Astar-

456 458 547 512 cfha
566 462 625 521 (ρν
650 461 908 513 Sacerdote
933 479 964 511 x
985 481 998 512 1
1022 479 1040 510 1
1059 479 1092 512 1.
1122 465 1430 514 Civitatum.
1462 461 1674 512 Brevius
1707 461 1880 526 Occ0,
1905 480 2021 533 pag,

457 556 575 604 270.
605 546 873 592 KOINON
911 543 1370 593 ΓΙΠΟΛΕΩΝ
1409 546 1631 591 ΠΡΟ..
1656 547 1731 590 .N
1766 545 2034 593 ΚΔΦΟΝ-

459 622 500 664 T
521 622 587 667 Ω.
629 627 725 683 pro
771 623 813 667 K
834 621 897 666 Λ.
956 625 991 671 Φ
1011 624 1044 666 Ρ
1064 625 1109 669 O
1127 625 1173 668 N
1189 623 1231 665 T
1249 622 1317 668 Ω.
1361 611 1606 663 Goltzius
1647 612 1699 658 in
1727 608 1994 661 Tlnsslmro
2013 654 2030 676 ,

460 703 578 757 pag.
632 709 654 737 2
677 708 698 738 2
717 691 765 738 6.
803 686 1075 755 aliquanto
1121 686 1311 738 foedius
1338 710 1347 738 :
1385 694 1496 744 ΠΟ
1514 695 1610 741 ΛΕ
1629 694 1678 742 Ω
1697 697 1741 738 Ν
1802 695 1845 740 Κ
1863 697 1909 741 Ο
1928 696 1949 740 Ι
1970 698 2032 740 N.

461 770 744 818 HPON..
767 803 775 813 .
800 803 809 814 .
833 772 1291 819 .ONT.QNOC·
1352 774 1394 817 A
1417 769 1802 817 CIAPXOT.
1865 772 2023 816 ΚΑΙ.

459 850 503 890 A
521 850 555 891 P
573 847 616 890 X
635 848 656 890 Ι
677 847 735 891 C.
769 847 850 891 ΓΙ.
883 839 1055 890 Voces
1075 878 1087 901 ,
1105 853 1220 907 quae
1241 838 1292 887 in
1318 835 1501 888 orbem
1519 834 1784 908 descriptae
1808 836 1859 884 in
1882 853 2035 887 num-

459 913 530 960 mi
558 912 790 982 margine
827 925 973 962 erant
995 953 1006 975 ,
1034 928 1141 961 non
1170 909 1289 962 inde
1317 909 1489 985 legere
1522 910 1811 982 auspicatus
1839 954 1852 976 ,
1893 908 2033 961 unde

458 987 683 1036 maxime
715 986 974 1056 oportuit.>
1032 986 1250 1057 Sponius
1278 1030 1293 1053 ‚
1334 996 1383 1043 Π
1409 999 1443 1042 Ρ
1464 999 1513 1044 O
1535 998 1584 1043 Δ
1608 998 1627 1040 Ι
1651 997 1692 1041 Κ
1716 998 1763 1042 O
1788 997 1828 1042 C
1875 996 1917 1040 K
1941 998 1983 1039 A
2010 996 2034 1040 I

464 1076 501 1120 Φ
521 1074 556 1116 Ρ
571 1073 616 1117 O
633 1071 732 1116 NT
752 1072 801 1117 Ω
823 1073 867 1116 N
887 1103 899 1126 ‚
935 1057 1064 1110 falso
1084 1101 1097 1125 ,
1133 1078 1252 1112 cum
1294 1061 1352 1112 fit
1387 1062 1653 1134 perspicue
1691 1070 2030 1118 ΠΡΟΔΙΟΝ.

460 1147 503 1192 Κ
522 1146 584 1193 Λ.
647 1137 768 1188 Nos
799 1134 921 1186 illud
949 1143 997 1190 Π
1020 1149 1133 1192 ΡΟ.
1177 1134 1304 1206 quid
1333 1136 1490 1202 effet,
1518 1137 1668 1209 primi
1709 1137 2033 1205 excogifavi-

459 1229 601 1277 mus,
636 1227 756 1260 cum
790 1213 840 1260 in
870 1210 1047 1261 nostro
1079 1209 1305 1261 dilucide
1331 1228 1392 1262 ac
1431 1211 1584 1283 plane
1606 1224 1811 1283 pateret
1846 1220 2037 1267 ΠΡΟ-

462 1297 514 1342 Δ
533 1299 555 1341 Ι
578 1299 622 1343 O
641 1297 700 1341 N.
734 1282 954 1339 Divulsa
976 1288 1114 1336 enim
1143 1301 1203 1337 ea
1229 1302 1361 1336 voce
1381 1288 1431 1336 in
1465 1285 1589 1337 duas
1611 1329 1623 1351 ‚
1646 1294 1710 1341 Π.
1749 1297 2034 1343 ΡΟΔΙΟΝ.

463 1360 736 1433 Πρυτάνεως
764 1358 945 1417 ΡἋὲἵων
980 1359 1250 1413 certiffima
1273 1359 1574 1431 conjectura
1601 1360 1847 1413 vidimus:
1887 1364 2036 1415 Nam

463 1441 516 1487 in
552 1438 775 1488 nummis
802 1449 975 1506 opro
1006 1447 1056 1493 Ω
1090 1437 1254 1508 poni,
1296 1433 1600 1488 tralatitium
1633 1436 1738 1503 est,
1763 1433 1871 1508 ipso
1892 1438 1943 1487 in
1977 1452 2037 1487 ea

464 1529 599 1564 voce
628 1525 724 1569 ΡΟ
744 1521 959 1568 ΔΙΟΝ
989 1512 1194 1583 egregie
1219 1510 1272 1561 id
1297 1509 1590 1562 adnotante
1620 1515 1747 1566 Ant.
1789 1511 2038 1583 Augusti-

466 1605 568 1653 n0,
595 1588 811 1658 Dialog.
863 1608 879 1639 1
909 1607 950 1640 1.
985 1602 1103 1657 pag.
1129 1605 1194 1637 12.
1226 1588 1281 1636 &
1324 1600 1387 1636 ex
1425 1587 1651 1636 nummis
1689 1585 1796 1634 aliis
1831 1586 2035 1655 liquet„

468 1679 603 1732 quos
626 1664 676 1713 in
697 1660 800 1712 hoc
831 1675 991 1731 opere
1028 1655 1466 1730 repraesentamus.
1528 1661 1590 1711 In
1635 1658 1834 1710 Graecis
1862 1673 2039 1709 autem

467 1738 792 1799 civitatibuS,
819 1733 1002 1789 Rhodi
1033 1776 1048 1799 ,
1086 1734 1282 1800 Mileti,
1309 1733 1547 1798 Tenedi,
1582 1734 1733 1804 Argis
1765 1777 1779 1800 ,
1816 1731 2037 1805 Ephesi,

469 1813 700 1883 Smyrna:
726 1853 739 1876 ,
769 1807 932 1862 Thafi
959 1853 974 1875 ‚
1012 1808 1287 1880 Mytilenis
1317 1851 1330 1873 ‚
1367 1802 1515 1858 fuisse
1538 1804 1872 1881 Magistratus
1898 1851 1909 1871 ‚
1949 1809 2040 1878 qui·

469 1885 717 1955 Hpvm'fflq
747 1881 1142 1956 appellarentur
1166 1926 1180 1948 ,
1236 1896 1356 1933 ante
1383 1898 1480 1932 nos
1519 1884 1706 1933 eruditi
1742 1884 1832 1934 viri
1860 1881 2043 1955 saepius

466 1977 732 2012 monuere.
771 1960 941 2010 Etiam
976 1955 1195 2009 Athenis
1220 2001 1233 2024 ,
1263 1959 1339 2007 uti
1378 1972 1442 2007 ex
1486 1956 1702 2008 decreto
1742 1956 2040 2009 Athenien-

469 2035 592 2086 sium
609 2078 624 2100 ,
654 2035 803 2106 quod
830 2028 1249 2106 affertjosephus
1268 2075 1282 2100 ,
1310 2030 1399 2082 lib.
1426 2049 1459 2082 x
1476 2051 1493 2083 1
1512 2050 1561 2085 V.
1581 2031 1901 2104 Antiq.Jucl.
1924 2048 2040 2105 cap.

465 2127 498 2160 x
518 2129 602 2163 v1.
630 2112 680 2160 in
718 2109 936 2180 gratiam
958 2108 1292 2182 judaeorum,
1331 2104 1501 2180 palam
1533 2106 1606 2158 est
1636 2131 1646 2161 :
1677 2106 1944 2179 Πρυπίνεως
1977 2107 2047 2175 affini·

470 2184 616 2255 ἱερέως
651 2183 887 2241 menso-ov.
930 2181 1085 2255 Apud
1118 2180 1360 2236 Rhodios
1395 2196 1533 2233 certe
1556 2226 1571 2248 ,
1606 2201 1830 2255 quorum
1859 2187 1910 2235 in
1935 2183 2042 2235 hoc

466 2278 685 2311 nummo
717 2261 912 2310 mentio
941 2257 1046 2323 est,
1070 2257 1322 2308 summum
1354 2254 1502 2308 fuiss‘e
1533 2274 1597 2308 eo
1628 2261 1839 2310 nomine
1866 2259 2044 2331 Magi-

468 2334 683 2386 stratum
703 2377 716 2399 ‚
735 2348 922 2406 praeter
942 2332 1083 2383 hunc
1104 2349 1373 2383 nummum
1395 2375 1406 2397 ,
1426 2336 1477 2384 3<
1502 2329 1900 2403 subsequentem
1919 2377 1932 2400 ,
1950 2331 2044 2384 ad-

468 2422 653 2461 monet
684 2408 951 2480 Appianus
973 2448 987 2470 ,
1012 2404 1100 2456 lib.
1139 2424 1221 2458 ιν.
1271 2404 1452 2458 bellor.
1499 2404 1654 2459 Civil.
1689 2423 1809 2478 pag.
1841 2413 1953 2476 627.
1979 2405 2049 2465 Οἱ

469 2486 522 2554 p?
553 2485 606 2541 Μ
632 2484 702 2539 ‘niv
732 2482 1035 2555 Ἀλέξαωᾶᾈοον
1074 2480 1142 2537 0⁸90
1174 2480 1331 2536 τούτων
1360 2480 1529 2536 εἵλοντο
1561 2487 1688 2549 σφίσι
1714 2484 2011 2551 mumdum
2030 2528 2047 2550 ,

468 2561 575 2630 {wop
602 2568 690 2619 ’ἔξ-ιν
721 2558 834 2634 >gazi
862 2560 964 2627 παρ’
995 2557 1146 2613 οίυτοῖς
1177 2556 1373 2624 μοι’λιςα
1401 2558 1706 2629 οάιτοκροὸτωρ.
1733 2557 1824 2610 Illa·
1849 2578 1965 2611 vero
1984 2576 2047 2612 ees

469 2639 526 2689 de
550 2633 698 2708 causa
723 2633 1067 2688 Alexandrum
1092 2629 1436 2706 elegeruntstbi
1455 2638 1719 2705 Prytanim
1740 2673 1755 2694 ,
1786 2652 1894 2703 quae
1909 2634 2047 2703 apud

470 2731 543 2763 eos
576 2711 794 2785 dignitas
815 2715 1021 2760 omnium
1036 2726 1302 2759 mammam
1320 2708 1666 2759 amflerjmtem
1688 2707 1854 2763 habet.
1883 2712 2054 2782 Smyr.

470 2803 702 2839 meorum
735 2802 972 2835 nummus
1003 2825 1018 2848 ,
1061 2782 1221 2837 infra:
1255 2792 1298 2842 Σ
1317 2794 1427 2839 MT
1445 2798 1479 2839 P
1496 2798 1597 2840 NA
1616 2798 1638 2841 1
1663 2797 1789 2842 ΩΝ.
1843 2795 1893 2841 Π
1916 2799 1951 2841 Ρ
1975 2797 2044 2841 Υ-

471 2873 513 2916 Τ
530 2876 571 2918 Α
588 2875 681 2919 NE
698 2873 720 2917 Ι
742 2868 800 2918 Σ.
832 2860 898 2912 Et
921 2858 970 2909 hi
994 2855 1129 2908 sacra
1157 2857 1422 2910 faciebant
1438 2903 1453 2926 ‚
1471 2859 1598 2911 teste
1619 2858 1860 2913 Pausania
1876 2863 1927 2913 in
1947 2862 2048 2914 At-'

472 2939 612 3003 ticis,
639 2954 752 3009 pag.
790 2954 869 2987 ιν.
901 2933 1085 2989 &lovem
1117 2933 1158 2988 οἱ
1194 2934 1445 2998 ωουπίνως.
1491 2932 1672 2986 Altera
1711 2952 1834 2986 vero
1864 2933 2045 3006 appel·

470 3009 596 3062 latio
627 3023 779 3067 APX
799 3020 1097 3067 ΙΕΡΕΩΕ
1129 3051 1142 3070 ,
1178 3013 1368 3081 pariter
1404 3011 1633 3060 occurrit
1663 3010 1803 3078 apud
1842 3009 2042 3060 Grute-

474 3101 613 3153 rum,
640 3104 757 3159 pag.
789 3106 897 3157 415.
939 3096 1281 3143 APXIEPEA.
1330 3095 1500 3143 ΤΟΥ.
1539 3093 1819 3141 ΚΟΙΝΟΥ.
1853 3093 2047 3140 ΤΩΝ.
