2228 3428
385 271 516 347 pidis
534 313 545 336 ,
564 284 670 319 nou
690 264 986 336 regionibus
1001 309 1015 330 ‚
1040 266 1268 339 praefeffi
1286 266 1564 333 Σαξοιντκῃρί,
1583 262 1688 316 hoc
1706 269 1794 336 est,
1811 271 2021 325 Duum-

381 348 504 409 viri,
537 342 616 392 seu
644 342 912 395 Praetores.
976 342 1081 393 Sed
1108 341 1180 393 est
1205 338 1531 398 Μυπλζωοάων
1553 342 1726 410 potius
1751 384 1765 406 ,
1797 362 2022 414 quorum

382 417 622 473 Praetoris
656 429 849 464 nomen
883 459 897 481 ,
933 429 991 466 ut
1021 431 1240 489 apparet
1264 459 1277 484 ‚
1313 418 1550 467 vitiatum
1578 455 1593 478 ‚
1630 417 1892 468 emendari
1931 420 2023 472 nifi

382 508 600 543 nummo
630 488 858 559 inspeeto
885 492 1085 560 nequit.

309 578 393 625 AI
415 575 561 623 ΛΥΒ
580 575 696 620 AII
715 575 756 619 T
774 578 892 621 AN.
919 566 1153 638 Pompeii
1171 565 1396 617 velatum
1428 577 1600 636 caput.
1631 566 1691 616 In
1718 577 1864 637 parte
1878 580 2017 618 aver„

383 645 428 693 sa
449 685 462 706 ‚
499 643 661 713 tripus
696 639 932 711 serpente
963 639 1280 692 obvolutus:
1316 637 1605 712 epigraphe
1634 682 1647 704 ,
1690 651 1836 695 ΑΤΡ
1856 651 1954 694 AT
1973 651 2024 696 1-

380 731 425 774 N
442 726 560 773 ΟΥ.
605 725 652 770 Π
670 724 770 768 ΥΘ
786 726 808 769 I
825 728 884 769 A.
909 715 1048 766 Ludi
1071 714 1276 787 Pythii,
1296 717 1484 765 edente
1502 719 1759 768 AtraztinO.
1804 716 1840 767 E
1877 715 2026 767 Gaza

380 791 641 844 Medicea.
687 788 924 844 Fortaffis
956 788 1030 839 est
1062 790 1102 838 is
1128 793 1185 843 L.
1213 791 1548 861 Sempronius
1583 790 1854 842 Atratinus
1880 833 1892 855 ‚
1936 791 2024 860 qui

381 863 724 918 Consulatum
748 862 895 936 geffit
924 880 1062 914 anno
1088 864 1242 916 Urbis
1263 884 1299 919 D
1323 883 1355 918 c
1374 880 1523 917 cxx.
1554 863 1831 936 postquam
1859 865 2027 916 Anto-

375 943 486 992 nius
506 955 568 990 eo
594 939 641 990 se
669 938 980 1011 Magistratu
1000 934 1285 994 abdicavit.
1324 939 1462 995 Vide
1483 940 1718 992 Dionem
1753 937 1839 992 lib.
1864 957 2022 993 XLIX.

516 1100 938 1148 ATNHTQN.
983 1085 2020 1159 Ano.21nTA0TAExpartea1ce-

572 1183 657 1230 ra,
690 1175 1082 1225 MAPKOE.
1126 1175 1540 1226 ΤΥΑΛΙΟΣ.
1587 1174 2022 1222 ΚΙΚΕΡΩΝ.

371 1250 592 1296 Marem
624 1239 818 1294 Tullius
847 1247 1028 1294 Cicero.
1058 1244 1321 1295 Nummus
1341 1241 1413 1292 est
1434 1258 1462 1292 e
1485 1238 1670 1293 Museo
1694 1239 1903 1292 nostro:
1935 1239 2024 1290 ied

373 1333 531 1388 quem
561 1314 908 1367 adulterinum
937 1317 1211 1370 credimus,

300 1401 794 1449 MAI'NHTQN-
831 1401 989 1448 EHI.
1030 1404 1124 1449 ΓΡ.
1165 1403 1604 1450 ΑΜΑΡΑΝΤΟΥ.
1645 1402 1760 1448 MO
1782 1400 2018 1447 CXIQ-

373 1479 552 1525 NOC.
582 1467 680 1523 Sub
709 1464 880 1523 Scriba
904 1472 1192 1522 Amaranto
1214 1465 1518 1543 Meschwm's
1541 1478 1604 1522 F.
1642 1470 1814 1520 Diana
1845 1467 2021 1538 Ephe-

373 1542 472 1609 fia,
509 1549 561 1596 ὃς
590 1544 826 1595 Fortuna
853 1561 972 1595 cum
1004 1558 1219 1595 temone
1251 1550 1303 1596 ὃς
1344 1546 1526 1617 Copiae
1561 1559 1758 1607 cornu,
1790 1555 1948 1614 partae
1978 1540 2024 1591 ei

373 1619 574 1689 oppido
616 1615 966 1670 Abundantiae
994 1662 1008 1685 ,
1053 1636 1114 1668 ac
1153 1619 1329 1671 tutelae
1364 1620 1613 1672 Numinis
1641 1660 1654 1681 ,
1696 1628 2020 1688 argumenta.

375 1691 634 1743 Gordiani
653 1691 872 1762 junioris
900 1709 1137 1743 nummus
1156 1734 1170 1758 ‚
1201 1708 1228 1743 e
1248 1692 1472 1745 Cimelio
1508 1693 1681 1763 Regio
1700 1734 1714 1756 ,
1739 1687 2021 1761 Magnefiae

373 1766 649 1818 Maeandri.

299 1852 797 1899 MAI'NHTQN.
842 1852 1005 1899 ΕΠΙ.
1062 1853 1438 1898 ΓΡΑΜΜΑ.
1482 1852 1594 1896 MA
1619 1849 2011 1896 PKIANOT.

371 1915 635 1967 thlcanus
653 1916 833 1967 sedens
849 1916 1048 1988 galeam
1080 1921 1236 1989 cippo
1261 1917 1486 1988 imponit
1506 1959 1518 1980 ,
1541 1917 1677 1966 adst:
1690 1929 1775 1966 nte
1792 1914 2017 1970 Pallade.

370 1996 677 2063 Magnetum
695 1991 948 2044 Maeandri
968 1988 1080 2065 ,sub
1108 1992 1282 2046 Scriba
1302 1999 1592 2045 Matremne.
1617 1993 1884 2045 Nummus
1905 1990 2020 2042 Ma-

368 2067 548 2116 ximini
570 2083 598 2118 e
617 2067 766 2119 Gaza
803 2069 986 2137 Regia.
1204 2076 1224 2096 '⁶

293 2150 1080 2199 MAFNHTQNAEHTP.
1117 2140 1758 2204 ‹12A.BACC0T.’Em*
1783 2152 2017 2211 Γρμμμα-

366 2217 470 2275 τέως
505 2218 718 2278 <pamm
743 2217 933 2273 Βσίω-ου.
963 2218 1246 2271 Caracallae
1269 2237 1544 2285 nummuS,
1582 2234 1608 2269 e
1641 2215 1867 2271 Cimeho
1906 2219 2012 2271 Re-

366 2294 469 2363 gio.
504 2300 811 2367 Magnetum
835 2293 902 2345 ad
932 2292 1280 2347 Maeandrum.

290 2376 348 2422 M
365 2380 407 2421 A
424 2379 446 2422 Ι
464 2381 509 2426 0
525 2382 570 2426 N
586 2381 609 2424 Ι
628 2383 690 2424 A.
761 2370 941 2441 Caput
971 2370 1229 2422 turritum.
1272 2371 1349 2423 Ex
1381 2383 1526 2442 parte
1552 2370 1753 2421 nummi
1782 2367 1979 2440 postica
1998 2409 2012 2430 ,

364 2454 422 2498 M
443 2456 483 2498 A
500 2455 522 2499 Ι
538 2458 585 2501 0
600 2457 646 2501 N
667 2456 716 2501 Ω
733 2457 779 2501 Ν
800 2487 814 2512 ,
852 2460 969 2494 cum
1001 2442 1227 2493 mulieris
1253 2441 1472 2496 sedentis
1498 2443 1684 2517 effigie.
1709 2444 1750 2495 E
1786 2441 2012 2494 Cimelio

367 2520 450 2571 Re
491 2522 559 2571 io.

288 2601 347 2647 M
361 2602 402 2646 A
417 2602 440 2646 I
454 2535 504 2650 ξ)
518 2607 563 2650 Ν
582 2604 633 2650 Ω
650 2608 711 2652 Ν.
735 2593 983 2645 Mercurii
1007 2590 1215 2665 effigies,
1234 2593 1308 2645 Ex
1326 2588 1594 2663 superficie
1615 2592 1814 2643 nummi
1832 2589 2012 2658 altera,

361 2668 609 2719 Herculis
643 2682 798 2742 caput
826 2665 1131 2741 expressum.
1161 2668 1321 2740 Apud
1351 2664 1713 2720 Gotifredum.

285 2752 343 2797 M
359 2754 400 2796 A
418 2753 502 2800 IO
520 2757 566 2801 N
586 2754 635 2800 Ω
657 2757 716 2801 N.
747 2744 925 2816 Caput
950 2740 1183 2795 Palladis.
1217 2745 1294 2797 Ex
1312 2743 1476 2795 altera
1501 2755 1649 2812 parte
1674 2785 1688 2808 ,
1709 2750 1846 2798 ΕΠΙ.
1879 2752 2007 2799 ΔΗ-

361 2829 482 2874 ΜΗ
502 2830 628 2875 ΤΡΙ
646 2830 766 2876 ΟΥ.
805 2817 902 2874 Sub
934 2823 1189 2874 Demetrio
1219 2821 1461 2872 Praetore.
1498 2816 1660 2869 Ceres
1687 2834 1803 2868 cum
1838 2815 2007 2890 spicis,

361 2892 437 2943 Ex
462 2894 686 2946 Cimelio
717 2897 905 2968 Regio,

286 2976 344 3022 M
362 2978 403 3022 A
419 2977 441 3022 I
460 2982 506 3026 O
526 2981 571 3027 N
592 2980 641 3026 Ω
658 2984 719 3027 N.
766 2971 943 3044 Caput
961 2970 1124 3044 JoviS.
1170 2971 1248 3023 Ex
1272 2984 1417 3043 parte
1448 2967 1607 3020 altera
1626 3012 1639 3035 ,
1671 2981 1710 3025 E
1729 2977 1778 3024 Π
1798 2978 1836 3023 Ι.
1878 2980 1921 3023 A
1942 2980 2004 3023 Ρ-

358 3053 446 3099 CP
464 3056 486 3100 Ι
509 3057 552 3102 K
574 3056 816 3110 ΩΝΟΕ.
859 3056 1082 3104 CTPA.
1127 3046 1211 3100 Sic
1244 3047 1382 3098 enim
1416 3043 1637 3098 retulere
1666 3046 1698 3096 ii
1727 3045 1817 3116 qui
1847 3058 2000 3103 num-
