2228 3428
287 224 383 296 <93
723 210 1092 268 NUMMI
1152 207 1629 286 ANTIQUI

298 286 301 288 ’
448 287 697 353 nomina,
730 291 824 360 qui
850 286 939 341 sub
962 289 1021 338 iis
1049 285 1382 359 Principibus
1411 287 1661 355 vixerint,
1681 304 1906 360 quorum
1932 287 2022 342 no}

450 366 594 418 mina
628 363 819 415 suntin
847 365 1071 415 nummis
1112 363 1324 436 fignata.
1375 361 1460 414 Sic
1491 357 1717 413 tibicinis
1757 365 1889 418 istud
1922 365 2027 432 est,

453 443 491 494 F
508 442 529 491 I
546 440 626 492 LI
645 440 704 493 N
722 441 769 492 V
791 442 821 492 S
844 483 856 506 ,
883 440 1028 510 cujus
1060 440 1217 510 capiti
1245 454 1496 488 coronam
1524 433 1628 487 sive
1661 438 1862 510 Apollo
1879 485 1892 507 ,
1922 439 2026 491 five

446 514 708 586 Trajanus
740 516 1002 586 imponit:
1044 514 1193 564 aliter
1231 510 1417 566 frustra
1458 510 1710 563 sentiente
1748 513 2028 580 TristanO,

451 606 570 663 pag.
622 610 743 659 405.
782 591 866 646 Sic
899 589 1037 639 idem
1063 589 1267 660 auriga,
1294 586 1361 638 de
1391 604 1498 657 quo
1527 587 1700 658 supra,
1730 588 1782 637 in
1816 589 2031 659 Trajani

450 682 671 719 nummo
709 662 993 737 insculptus
1022 681 1144 717 cum
1182 663 1326 734 equis
1353 660 1594 713 duobus:
1631 662 1779 734 ipsius
1817 663 2031 732 quidem

451 741 670 790 nomine
703 741 756 791 in
786 739 1048 813 superiore
1079 739 1280 789 nummi
1317 751 1465 808 parte
1493 780 1509 803 ‚
1547 737 1647 791 EV
1666 739 1714 789 T
1735 739 1756 789 Ι
1777 738 1835 788 Μ
1861 739 2027 791 IVS:

450 831 711 886 equorum
740 817 790 865 in
815 812 1061 866 inferiore
1093 857 1107 881 ‚
1146 811 1233 865 sed
1278 811 1541 863 diminutis
1572 810 1672 862 illis
1707 829 1767 863 ac
1807 813 2031 878 vitiatis,

448 889 501 941 T
517 892 567 945 Y
586 893 637 943 R
655 893 675 942 Ι
695 892 733 941 Β
752 891 790 942 I.
836 892 884 945 C
905 890 955 943 A
970 891 1113 945 T...
1131 931 1142 943 .
1170 886 1310 963 apud
1339 888 1581 941 Patinum
1600 931 1615 957 ‚
1642 889 1695 942 in
1727 887 1998 942 Thesauro
2015 929 2033 954 ,

451 980 569 1036 pag.
594 986 712 1036 104.

297 1035 342 1095 B
362 1038 415 1091 O
433 1040 462 1093 S
481 1041 530 1092 T
552 1046 598 1097 R
623 1043 685 1095 A.

370 1126 434 1171 N.
476 1127 517 1169 T
535 1130 569 1172 P
591 1129 649 1172 A.
682 1120 743 1169 -B
764 1119 817 1172 O
836 1120 865 1171 S
885 1120 934 1171 T
955 1122 1005 1172 R
1028 1118 1091 1171 Α.
1146 1122 1319 1171 Nova
1350 1120 1592 1185 Trajana
1620 1116 1817 1183 Bostra,
1863 1115 2034 1169 Com-

445 1193 624 1259 modi,
647 1192 698 1242 in
724 1194 872 1246 Gaza
906 1197 1070 1263 Regia
1091 1236 1104 1259 ,
1130 1210 1248 1242 cum
1282 1192 1458 1265 effigie
1485 1192 1695 1257 cameli,
1734 1189 1882 1260 quod
1904 1192 2031 1242 Ara-

449 1265 544 1317 biae
567 1266 780 1338 vulgare
807 1257 1105 1340 symbolum
1142 1266 1232 1320 est.
1268 1269 1387 1321 Fuit
1412 1266 1592 1320 Bostra
1619 1265 1867 1319 videlicet
1898 1266 2035 1319 Ara-

447 1337 546 1392 biae.
579 1342 853 1414 oppidum.

371 1425 437 1474 N„
507 1429 546 1471 T
563 1429 616 1481 P,
675 1427 710 1471 Β
729 1431 775 1474 o
795 1430 833 1474 c
852 1430 893 1472 T
911 1432 946 1475 Ρ
964 1432 1025 1475 Α.
1085 1419 1196 1480 Νέᾳ
1232 1419 1450 1490 'sejam‘
1473 1419 1639 1488 Bo'qpot.
1669 1418 1862 1491 Severi
1887 1434 2041 1470 num-

450 1509 580 1543 mus,

369 1567 434 1628 [A.
470 1577 563 1623 ΤΥ
579 1579 625 1624 Χ
641 1580 706 1626 H.
756 1578 790 1621 Β
808 1583 855 1627 o
871 1581 909 1626 C
926 1581 966 1624 T
982 1581 1016 1624 P
1037 1579 1086 1625 Ω
1105 1582 1169 1626 N.
1188 1570 1368 1639 ’Amen‘
1383 1570 1506 1646 Τύχῃ
1523 1570 1710 1638 Βᾶφων.
1738 1574 1886 1623 Bona
1912 1574 2040 1620 For-

447 1655 570 1694 tuna
598 1647 887 1714 Bostrorum.
920 1644 1211 1697 Caracallae
1242 1664 1512 1711 nummus,
1541 1648 1591 1695 in
1621 1644 1812 1696 eodem
1853 1642 2039 1696 Cime-

447 1718 536 1772 liO.
572 1722 708 1775 Non
734 1721 917 1772 eadem
935 1719 1009 1772 est
1033 1737 1192 1792 porro
1216 1719 1399 1772 Bostra
1416 1765 1431 1788 ,
1458 1736 1764 1792 quanquam
1788 1717 1941 1770 aliter
1958 1721 2033 1771 vi-

448 1792 556 1845 sum
586 1795 797 1847 eruditis
827 1796 1027 1867 alioqui
1050 1797 1196 1863 viri5‚
1230 1798 1282 1846 in
1304 1798 1589 1869 primisque
1614 1793 1860 1847 Tristano
1881 1836 1895 1861 ‚
1922 1813 2041 1867 quae:

448 1867 840 1944 Philippopolis
875 1873 927 1922 in
962 1869 1154 1922 eodem
1199 1872 1408 1925 Arabiae
1445 1873 1609 1923 tractu
1652 1870 1912 1942 appellata
1946 1871 2038 1927 est.

446 1945 509 1996 In
535 1947 750 2000 Notitia
778 1945 975 1999 Eccles.
996 1947 1213 2017 antiqua
1235 1990 1250 2013 ,
1276 1964 1396 2020 pag.
1427 1951 1501 2015 63.
1524 1948 1577 1997 in
1605 1945 1880 2001 Provincia
1903 1947 2038 1998 Ara-

450 2017 546 2071 biae
585 2021 857 2074 censentur
885 2019 965 2074 hae
998 2021 1112 2073 duae
1157 2022 1429 2090 civitate3‚
1461 2023 1620 2092 Bo‘qpoe
1645 2020 1952 2093 μητξόπυλις,
1983 2025 2040 2078 &C

445 2098 830 2156 Φιλιππτίπολις.

372 2169 424 2223 C
445 2172 576 2226 OL.
613 2176 667 2228 F.
696 2176 807 2229 ΒΟ
831 2174 1076 2229 STRA.
1122 2173 1358 2229 ALEX
1380 2175 1502 2229 AN
1525 2177 1601 2229 D.
1626 2173 1780 2247 Juliae
1814 2171 2043 2245 Aquiliae

448 2248 651 2300 Severae
687 2291 701 2313 ,
738 2250 791 2300 in
829 2247 1011 2298 eadem
1036 2248 1207 2300 Gaza.
1253 2247 1465 2303 Colonia
1494 2249 1648 2302 Felix
1667 2289 1686 2312 ‚
1716 2247 1802 2301 vel
1834 2248 2041 2305 ,Flavia

454 2323 632 2388 Bostra
657 2323 1029 2375 Alexandrina.

370 2395 422 2450 C
441 2398 498 2450 O
514 2396 558 2449 L
578 2397 630 2451 O
652 2400 710 2453 N
731 2399 833 2452 IA.
882 2399 921 2449 B
941 2399 993 2451 O
1015 2399 1043 2451 S
1059 2397 1109 2450 T
1126 2400 1176 2450 R
1195 2398 1258 2451 A.
1295 2400 1526 2453 Nummi
1558 2396 1852 2453 Alexandri
1878 2399 2039 2455 Sexte,-

450 2473 518 2538 ri,
547 2489 606 2523 ac
624 2473 775 2547 Juliae
809 2473 980 2526 Maesae
999 2518 1014 2540 ,
1043 2479 1097 2526 ὃς
1128 2475 1384 2526 Mamaeae.

371 2548 884 2605 TRAIANAE.
945 2549 1602 2610 ALEXANDRIN
1630 2551 1741 2608 ΑΕ.
1823 2549 2038 2606 COL..

449 2624 490 2677 B
513 2625 565 2676 O
585 2626 682 2677 ST
702 2627 833 2681 ΚΑ.
869 2624 1022 2699 Juliae
1063 2625 1319 2680 Mamaeae.
1367 2624 1454 2679 Ab
1497 2625 1801 2679 Alexandro
1845 2630 2037 2680 Severo

442 2697 812 2755 Alexandrinae
844 2717 1146 2775 cognomen
1167 2745 1182 2768 ,
1206 2717 1324 2753 cum
1357 2701 1579 2754 coloniae
1600 2702 1718 2774 jure
1747 2705 1922 2754 traxit.

368 2773 550 2829 COL.
593 2776 652 2828 M
675 2778 916 2833 ETRO
939 2779 974 2831 P
995 2777 1219 2834 OLIS.
1263 2778 1303 2830 B
1324 2778 1378 2832 O
1398 2779 1640 2832 STRA.
1677 2778 1908 2851 Philippi
1932 2778 2032 2831 Pa-

449 2852 536 2901 tris
556 2892 570 2915 ‚
600 2851 741 2923 apud
761 2851 1177 2906 Mediobarbum
1197 2896 1212 2920 ,
1237 2870 1355 2926 pag.
1382 2873 1501 2924 347.
1519 2855 1579 2905 In
1600 2870 1803 2906 corona
1823 2853 2031 2920 deinde,

444 2937 608 2984 CEB.
638 2927 742 2980 hoc
771 2931 845 2983 est
863 2973 878 2995 ,
907 2929 1198 2997 Σεζοίσμιοι,
1227 2929 1328 2982 sive
1361 2927 1600 3002 Augusta
1627 2928 1942 2996 certamina,
1974 2942 2035 2981 ut

281 3061 287 3066 θ
450 3002 499 3052 in
525 3021 744 3056 nummo
781 3003 1252 3060 Damascenorum.

296 3083 334 3142 Β
354 3082 506 3131 ΟΥΡ
529 3086 610 3131 ΑΙ
631 3091 772 3149 arxi,
802 3083 854 3134 in
887 3080 1112 3137 nummis
1132 3077 1282 3155 Juliae
1315 3079 1569 3139 Domnae.
1603 3078 1808 3148 Plinio,
1836 3077 1926 3135 lib.
1956 3091 2046 3139 iv„s
