2228 3428
677 242 1387 299 ILLUSTRATI.
1842 277 1908 325 73

336 313 425 372 hic
447 318 867 389 videre)oEo}:.
917 327 1278 380 ΣΕΒΑΣΤΟΣ
1315 331 1760 394 ΕΛΕΥΘΕΡΙΟΣ,
1787 329 1916 381 utin

336 391 744 448 Troezeniorum
767 409 986 443 nummo
1002 434 1017 457 ,
1046 399 1191 446 Delos
1215 400 1461 467 Augustas
1481 401 1764 457 Liberatar.
1791 405 1850 458 Ν
1859 424 1916 455 0-

334 484 412 522 tas
438 472 575 522 enirn
605 468 791 540 prioris
819 463 1106 538 superficiei
1124 512 1139 535 ,
1158 485 1330 539 neque
1351 472 1508 522 Occo
1527 476 1783 530 intellexit
1802 524 1815 546 ,
1832 498 1917 533 ne-

336 562 442 616 que
480 540 862 596 Amerbachius
895 558 1051 605 quem
1083 542 1318 615 appellat
1346 587 1359 609 ‚
1394 548 1481 616 qui
1519 547 1623 620 legi
1665 553 1910 619 voluerit.³

334 627 516 679 ΘΕΟΣ
559 625 1082 676 ΕΛΕΥΘΕΡΩΘΕΙΣ
1119 628 1405 677 ΕΧΘΡΑΣ.
1431 623 1832 679 Demlt‘bemtus
1849 620 1915 681 ab

332 700 594 750 inimicitia
609 733 625 754 ,
640 707 697 743 ut
710 692 777 743 ab
797 693 965 763 Sejam
983 692 1170 744 mfidiis
1192 693 1399 746 evafiffe
1415 697 1711 767 Tiberium,
1730 707 1778 754 &
1799 709 1913 773 qui-

337 771 454 822 dem
482 770 585 840 jam
624 770 833 832 Deum,
864 767 950 817 hic
969 786 1211 819 nummus
1232 767 1505 841 figmficet.
1536 776 1738 847 Nugae:
1775 779 1913 831 Cum

331 842 537 897 inversae
560 842 745 895 litterae
778 840 902 893 nihil
928 841 1070 893 aliud
1096 860 1252 914 quam
1286 846 1472 897 civium
1505 848 1644 899 urbis
1674 848 1838 918 illius,
1857 857 1912 907 in

337 937 441 990 qua
468 918 610 970 cu'us
650 935 890 968 nummus
922 917 1023 982 est,
1055 935 1250 970 nomen
1290 918 1527 973 indicent
1558 967 1571 989 ‚
1616 938 1658 981 A
1678 938 1776 985 ΡΟ
1797 939 1912 987 ΧΕ,

333 995 437 1047 hoc
462 995 535 1046 est
555 1039 568 1061 ,
602 1007 644 1049 A
664 1007 696 1049 P
713 1007 759 1050 O
779 1005 823 1049 X
844 1005 879 1050 E
900 1005 949 1050 Ω
969 1006 1028 1049 Ν.
1063 995 1192 1046 Nec
1216 995 1409 1067 procul
1425 1015 1453 1047 a
1471 999 1745 1070 Smyrnaeis
1770 1001 1917 1058 fmffe

333 1069 566 1143 politum
600 1068 652 1120 id
676 1067 931 1142 oppidum
971 1086 1174 1136 remur,
1207 1086 1326 1120 cum
1355 1070 1494 1123 idem
1538 1076 1780 1128 Praetoris
1817 1097 1915 1131 no-

334 1162 454 1197 men
474 1187 490 1209 ‚
516 1162 630 1197 cum
666 1144 852 1197 eodem
884 1146 1130 1198 Vi&oriae
1173 1160 1304 1217 typo
1326 1190 1339 1212 ,
1371 1146 1567 1200 rursum
1608 1153 1660 1201 in
1695 1171 1916 1207 nummo

336 1221 721 1291 Smyrnaeorum
754 1234 997 1271 occurrat
1030 1263 1044 1284 ,
1098 1236 1157 1272 ut
1200 1219 1288 1272 suo
1321 1221 1445 1273 loco
1489 1221 1672 1278 diffiniri
1710 1226 1877 1281 sumus
1899 1275 1915 1297 ‚

333 1303 717 1355 ΣΜΥΡΝΑῙ
743 1308 857 1353 ΩΝ
917 1307 1216 1354 ΜΥΩΝΟ
1238 1303 1282 1354 Σ
1317 1343 1330 1364 ‚
1371 1300 1462 1368 qui
1506 1318 1749 1353 nummus
1802 1306 1917 1357 Caii

335 1371 550 1423 Caesaris
575 1372 791 1444 Augusti
825 1374 881 1425 F.
913 1389 1105 1423 nomen
1144 1370 1373 1445 praefert.
1403 1372 1490 1424 Est
1518 1390 1690 1429 autem
1721 1389 1824 1440 ΣΥ
1844 1395 1916 1439 Ν-

330 1458 488 1501 ΑΡΧ
510 1459 533 1500 1
553 1461 595 1501 Α
618 1490 630 1510 ‚
665 1462 719 1496 ut
754 1447 904 1496 initio
946 1449 1244 1496 monuimus
1280 1489 1294 1512 ‚
1333 1445 1614 1519 collegium
1633 1495 1650 1517 ⁷
1677 1471 1915 1507 commu-

325 1523 417 1571 nio
442 1564 455 1587 ‚
483 1518 805 1591 societasque
845 1518 1179 1592 Magistratus
1206 1566 1223 1586 ,γ
1258 1537 1413 1592 quam
1448 1523 1530 1573 vel
1562 1525 1655 1598 ipfi
1697 1546 1916 1602 quoque

328 1596 681 1667 Imperatores
706 1596 836 1645 inire
869 1594 1044 1666 saepius
1071 1593 1401 1648 affeetarunt.
1425 1599 1571 1650 Nam
1591 1604 1667 1652 uti
1692 1605 1741 1654 in
1759 1623 1912 1658 num-

327 1672 424 1720 mis
452 1679 916 1727 ΑΘΗΝΑΙΩΝ
958 1674 1010 1721 &
1057 1681 1550 1732 ΑΙΖΑΝΙΤΩΝ
1583 1678 1914 1733 animadver-

328 1747 515 1810 timus,
548 1747 851 1798 Hadrianus
879 1752 930 1798 ὅ(
960 1744 1236 1799 Gallienus
1267 1746 1478 1823 οἷ’ρλωπς
1497 1796 1510 1818 ,
1542 1752 1917 1808 Constantinus

326 1821 566 1892 Magnus
601 1820 826 1895 57:22anAE
852 1867 867 1887 ‚
904 1819 1052 1895 quod
1080 1822 1218 1874 idem
1251 1823 1324 1875 est
1345 1818 1615 1891 {Athenis
1649 1823 1764 1882 fuit.
1805 1833 1911 1883 Ita-

330 1912 462 1966 que,
496 1898 587 1968 qui
615 1897 827 1949 huncin
845 1898 901 1947 iis
931 1896 1227 1948 civitatibus
1246 1916 1348 1950 una
1380 1918 1499 1951 cum
1529 1903 1768 1977 Augustis
1788 1907 1914 1959 Ma..

327 1970 596 2042 gistratum
635 1972 890 2043 gerebant
910 2015 924 2037 ,
952 1971 1062 2041 jam
1093 1991 1199 2023 non
1232 1974 1464 2052 οἴρᾊνηας
1502 1975 1550 2027 se
1584 1977 1911 2052 fimpliciter‚

329 2044 416 2098 sed
445 2044 744 2119 wm‘pssvmg
769 2044 1136 2118 appellabant,
1164 2065 1225 2099 ac
1244 2052 1407 2102 veluti
1427 2050 1638 2105 Caesaris
1656 2097 1671 2121 ‚
1692 2058 1912 2125 quitum

328 2120 480 2195 ἔρῳ
518 2118 645 2171 esset
661 2160 678 2180 ,
708 2123 878 2170 vicem
897 2136 1113 2193 agentes
1135 2145 1145 2173 ε
1169 2137 1226 2173 ut
1246 2124 1420 2197 Myon
1448 2126 1535 2177 ille
1552 2166 1568 2186 ,
1592 2132 1645 2179 ὅ(
1676 2129 1909 2199 Αῑῑειῐιιε,

318 2194 431 2263 jam
455 2208 609 2245 antea
626 2212 655 2245 a
682 2194 837 2245 nobis
866 2193 1142 2265 appellatis:
1165 2198 1337 2269 Myon
1358 2200 1570 2268 quidem
1591 2244 1604 2265 ‚
1631 2203 1908 2257 ArocheO-

325 2282 470 2318 rum:
501 2266 873 2337 Apamensium
904 2269 1075 2339 potius
1106 2286 1262 2338 quam
1285 2271 1719 2342 Atheniensium,
1742 2294 1802 2330 ut
1831 2283 1910 2333 vi„

322 2338 477 2391 detur
512 2382 526 2406 ,
565 2339 778 2392 Attalus
811 2365 822 2394 :
868 2358 989 2392 nam
1028 2347 1080 2394 ὃς
1110 2343 1163 2391 id
1195 2342 1473 2397 obscurum
1508 2346 1582 2399 est
1608 2393 1622 2415 ,
1665 2355 1716 2403 &
1760 2351 1911 2427 supra

321 2427 367 2470 A
383 2424 436 2471 Π
454 2429 491 2471 Α
509 2428 614 2473 ME
633 2428 683 2474 Ω
703 2428 750 2473 Ν
810 2429 854 2471 Α
870 2428 911 2471 T
927 2428 1024 2472 TA
1044 2427 1088 2472 A
1106 2431 1152 2475 O
1169 2429 1214 2473 Υ
1266 2437 1544 2473 nummum
1603 2423 1912 2501 inscriptum

319 2490 570 2544 vidimus:
603 2491 922 2564 inferiusque
950 2506 994 2548 A
1014 2505 1357 2554 TTAAON
1376 2498 1428 2550 in
1463 2499 1909 2574 Pergamenorum

319 2568 542 2619 nummis
573 2568 859 2619 Praetorem
894 2566 1046 2620 visuri
1080 2568 1268 2625 simus,

167 2644 598 2700 ἈΡΠΑΝ-ΩΝ.
644 2644 874 2715 Pignorii
903 2662 1144 2696 nummus
1187 2647 1326 2720 apud
1362 2650 1608 2708 Holsten.
1645 2670 1761 2728 pag.
1791 2665 1912 2714 2804

320 2722 374 2770 &
410 2721 551 2789 apud
582 2717 861 2770 Goltzium
881 2761 894 2783 ,
921 2720 971 2770 in
998 2723 1199 2794 Magna
1229 2723 1439 2776 Graecia
1460 2771 1474 2794 ‚
1513 2727 1620 2782 tab.
1652 2748 1918 2789 XXXIII..

321 2808 437 2842 cum
461 2793 671 2845 Cereris
698 2791 903 2863 effigie,
932 2799 985 2847 &
1007 2811 1181 2866 eque,
1204 2801 1296 2868 qui
1322 2802 1589 2874 Neptuno
1617 2805 1767 2858 sacer.
1801 2807 1907 2860 Pli-

318 2866 411 2916 nio
433 2909 447 2932 ,
481 2863 574 2920 lib..
605 2889 622 2921 1
651 2889 665 2920 1
693 2889 737 2921 Ι»
777 2866 892 2920 sea.
941 2886 1022 2920 xv
1045 2893 1086 2924 1r
1106 2876 1326 2937 Arpam.
1363 2878 1531 2946 Apud·
1562 2882 1904 2952 Frontinum,

322 2947 570 3007 Arpanus
596 2962 721 3015 ager
737 2952 792 2994 in·
810 2948 1092 2996 Provincia·
1119 2947 1362 3014 Apuleia.
1387 2951 1538 3022 Jacet
1560 2955 1818 3027 oppidum
1849 2960 1909 3012 in

320 3017 478 3067 ruinis
500 3041 509 3068 :
545 3034 739 3068 nomen
772 3032 950 3070 tamen
985 3019 1164 3077 adhuc
1183 3026 1377 3078 retinet
1395 3024 1637 3100 ‚,l'Arpi,
1664 3030 1717 3083 in
1742 3031 1911 3107 Capi-

321 3103 499 3146 tanata
529 3092 693 3148 [taliae
722 3095 959 3170 regionem
1892 3096 1907 3104 ”

1922 845 1925 847 .
2006 802 2040 847 ι’·
2069 823 2116 879 Γ.
2139 812 2228 851 7.οά

1597 3180 1648 3233 K
