2228 3428
250 214 348 267 170
735 183 1065 241 NUMMI
1125 183 1551 259 ANTIQJI

406 264 612 320 Goltzii
631 305 646 328 ,
674 260 785 313 tab.
801 278 881 313 xx
898 279 931 311 x
948 280 995 315 v.
1017 265 1068 312 δε
1088 278 1120 312 x
1136 279 1169 311 x
1185 277 1219 311 x
1235 278 1267 311 v
1283 279 1319 312 1.
1349 260 1521 312 Plinio
1541 304 1556 327 ,
1580 259 1673 316 lib.
1699 284 1716 318 1
1741 285 1761 318 1
1786 284 1804 319 1
1820 264 1969 320 ,ῖς-,ἂρ

400 359 432 389 v
455 361 467 392 1
495 359 510 390 1
530 359 570 393 1.
603 335 812 410 Falzsca
836 340 996 409 Argis
1022 350 1131 386 orta
1156 379 1170 402 ,
1197 354 1305 405 quae
1341 341 1708 412 cognominatur
1742 340 1969 414 Etrusco-

397 432 517 465 rum.
551 415 859 478 FrontinuS,
891 410 1097 465 Colonia
1128 417 1350 464 Iunonia
1370 450 1384 472 ,
1425 431 1531 482 quae
1553 413 1833 478 appelatur
1853 424 1967 471 Fa..

392 488 560 561 liskes,
586 485 673 542 lib.
705 489 771 540 de
803 487 1044 539 Coloniis
1067 531 1082 553 ,
1116 505 1233 560 pag.
1270 508 1346 560 95.
1407 486 1495 539 Ab
1534 485 1734 540 Haleso
1763 490 1966 562 Argivo

395 566 637 630 condita,
669 579 725 615 ut
743 566 813 615 ait
846 560 1049 616 Solinus
1070 607 1083 629 ,
1112 580 1225 636 cap.
1267 583 1283 615 1
1312 584 1354 616 1.
1382 579 1498 636 pag.
1520 583 1583 631 13.
1612 563 1779 615 Nunc
1805 565 1879 617 est
1894 568 1967 616 ci-

393 642 520 691 vitas
543 639 838 693 Castellana
855 637 921 688 ad
943 637 1185 690 Tiberim
1204 680 1218 704 ,
1235 639 1469 690 Hortam
1489 640 1623 689 inter
1640 642 1693 690 &
1717 641 1963 696 Romam:

392 729 482 766 aut
505 718 615 767 haec
638 730 780 766 certe
801 730 863 766 ex
886 711 1019 764 illius
1045 715 1200 765 ruinis
1224 715 1416 781 crevit,
1449 731 1567 785 quae
1600 729 1769 786 prope
1797 712 1965 766 visun-

391 804 504 855 tur,
524 805 827 861 nomenque
853 791 1107 855 retinent,
1132 785 1333 841 Falari.
1364 790 1424 840 In
1451 786 1590 839 hisce
1620 789 1846 839 nummis
1873 805 1967 839 oc-

392 868 550 916 currit
568 867 606 918 F
629 909 644 932 ,
686 864 951 938 digamma
980 863 1250 918 AEolicum
1269 907 1283 930 ,
1309 881 1405 936 pro
1431 860 1603 914 littera
1629 861 1863 935 asperata
1880 865 1962 931 H,

393 957 498 1011 qua
534 955 734 993 veteres
771 939 897 990 olim
939 938 1014 991 ufi
1052 938 1297 992 fordeum
1321 938 1501 989 dixere
1529 955 1626 1011 pro
1663 937 1961 1003 Hordeum,

389 1023 566 1068 forms
605 1033 699 1089 pro
750 1020 952 1070 Hircus
978 1055 995 1077 ,
1043 1013 1205 1079 Tmfo
1248 1032 1344 1087 pro
1395 1011 1568 1066 Traho
1604 1056 1619 1075 ‚
1667 1020 1720 1068 δε
1764 1013 1955 1067 similia.

394 1093 538 1168 Qin
559 1093 710 1143 etiam
732 1096 784 1144 ὃ(
810 1090 964 1161 lferfzos
988 1131 1003 1153 ,
1036 1090 1196 1155 corftos
1224 1088 1458 1162 ‚fulgur³
1488 1091 1696 1141 auclore
1713 1092 1959 1156 Donato,

387 1166 634 1238 scripsere
659 1184 755 1239 pro
769 1158 980 1239 servus,
1008 1185 1182 1218 corvus
1202 1208 1217 1229 ‚
1240 1165 1437 1237 vulgas.
1469 1164 1751 1220 Deindein
1775 1162 1853 1215 his
1866 1178 1958 1215 aut

375 1241 600 1314 Junouis
618 1243 823 1314 Argivae
842 1285 855 1307 ,
876 1240 1025 1312 quod
1051 1258 1112 1292 ex
1130 1242 1282 1313 Argis
1300 1234 1555 1312 originem
1584 1241 1852 1304 ducerent,
1871 1252 1959 1289 aut

394 1318 522 1379 jovis
554 1330 714 1388 caput
745 1313 1056 1385 insculptum
1086 1340 1096 1368 ι
1143 1321 1196 1368 ὃς
1224 1315 1399 1385 aquila
1430 1357 1443 1379 ,
1486 1314 1571 1364 vel
1600 1315 1833 1386 leporem
1859 1310 1955 1364 dis-

375 1381 600 1463 'cerpens
626 1433 640 1456 ‚
678 1390 760 1441 vel
793 1390 1048 1442 columnae
1077 1389 1300 1441 insidens
1328 1413 1339 1441 ε
1368 1387 1452 1440 vel
1487 1389 1713 1461 denique
1735 1385 1953 1455 fulmen,

382 1481 442 1514 ac
471 1482 530 1516 tri
578 1484 650 1518 υς.

231 1540 404 1593 FAN
430 1485 570 1593 Vbi)
615 1534 1097 1594 FORTVNAE.

305 1616 367 1668 M
389 1618 437 1666 V
459 1619 534 1669 N.
580 1619 617 1669 F
639 1616 684 1666 A
707 1617 759 1668 N
783 1617 838 1668 E,
887 1614 978 1666 ΑΕ
994 1614 1054 1666 Ι...
1108 1616 1374 1668 Nummus
1401 1612 1627 1686 Philippi
1661 1615 1794 1686 Imp.
1825 1622 1956 1670 Mu..

380 1698 606 1759 nicipium
627 1692 858 1759 Fanestre
879 1689 1087 1742 AElium.
1118 1691 1282 1743 Hunc
1312 1706 1584 1739 nummum
1607 1689 1685 1739 vir
1700 1687 1951 1759 eruditu8,

382 1771 554 1840 operis
576 1767 726 1819 suide
746 1765 831 1817 usu
849 1764 1080 1817 numism.
1103 1783 1219 1838 pag.
1247 1786 1362 1834 772..
1379 1764 1446 1816 ad
1464 1761 1638 1814 nescio
1660 1763 1804 1836 quod
1825 1766 1952 1819 His.

380 1844 542 1913 paniae
572 1844 751 1895 fanum
783 1840 957 1894 refert.
994 1840 1214 1905 PliniuS,
1249 1838 1338 1891 lib.
1385 1861 1399 1892 1
1429 1861 1443 1892 1
1472 1860 1487 1891 1
1506 1881 1516 1892 .
1545 1835 1663 1890 sest.
1691 1857 1825 1892 XIX.
1854 1847 1952 1894 Co..

375 1918 511 1968 [onia
537 1927 736 1972 Fanum
767 1923 1012 1969 Fortunae.
1078 1918 1243 1967 Vetus
1276 1911 1542 1986 inscriptio
1578 1915 1718 1985 apud
1743 1915 1952 1968 Grute-

374 2011 525 2058 rum,
571 2011 688 2066 pag.
720 2012 864 2061 475.
921 1992 1218 2044 ORIVN
1244 1990 1430 2044 DVS.
1483 1987 1946 2046 COLONIA.

371 2070 643 2122 IVLIA.
687 2070 722 2120 F
745 2068 866 2120 AN
891 2068 961 2119 O.
1004 2069 1039 2117 F
1062 2067 1114 2118 O
1141 2063 1534 2119 RTVNAE.
1595 2066 1760 2117 Nunc
1803 2072 1947 2121 Fano

370 2144 597 2212 dicitur,
633 2146 685 2195 in
723 2144 946 2196 Ducatu
977 2139 1247 2196 Urbiuate.
1295 2140 1458 2197 Hanc
1492 2142 1546 2192 δε
1584 2137 1817 2192 Flaviam
1848 2142 1948 2194 Fa..
2012 2139 2019 2147 ’

368 2218 592 2272 nestrem
625 2217 804 2291 postea
834 2215 1154 2290 appellatam
1196 2214 1532 2286 intelligimus
1563 2257 1578 2281 ,
1614 2229 1677 2264 ex
1716 2213 1807 2269 lib.
1848 2237 1868 2270 1
1892 2238 1940 2271 1.

373 2294 514 2346 Cod.
543 2294 754 2347 Theod.
780 2294 856 2343 tit.
891 2313 906 2343 1
931 2311 978 2345 x.
1006 2290 1071 2339 de
1094 2291 1262 2341 Pastis
1280 2331 1294 2352 ‚
1321 2288 1422 2358 leg.
1448 2306 1496 2339 v.

296 2367 344 2420 C
364 2369 416 2420 O
439 2368 499 2420 L.
539 2370 574 2420 F
594 2370 643 2420 A
658 2370 716 2421 N
739 2368 778 2419 E
796 2368 825 2419 S
843 2368 893 2418 T
910 2367 998 2419 RI
1016 2366 1064 2418 S.
1095 2365 1133 2416 E
1151 2360 1419 2415 Thesauro
1439 2361 1648 2415 Goltzii
1663 2406 1677 2429 ,
1693 2379 1814 2438 pag.
1834 2366 1944 2436 239‚'

218 2458 247 2498 F
267 2457 308 2499 A
328 2450 370 2501 Σ
387 2455 466 2498 TI
489 2456 538 2500 Ω
557 2458 616 2500 Ν.

288 2533 320 2576 F
339 2532 380 2574 A
397 2527 514 2578 ΣΤ.
547 2516 707 2592 Apud
733 2515 1007 2569 Goltzium
1024 2559 1038 2581 ,
1067 2516 1116 2564 iu
1150 2515 1371 2567 Graecia.
1398 2513 1534 2566 Tab.
1559 2530 1641 2563 xv
1659 2532 1676 2565 1
1696 2533 1731 2566 1.
1752 2513 1857 2566 Etsi
1885 2514 1942 2568 id

370 2593 627 2666 oppidum
659 2591 734 2643 est
762 2591 1077 2663 incomperti
1098 2588 1215 2640 ficus
1234 2632 1247 2655 ,
1281 2589 1509 2643 Boeotici
1540 2602 1714 2638 tamen
1739 2588 1861 2660 juris
1882 2594 1938 2643 ὃς

367 2672 555 2721 ῑτεῑᾶιιε
574 2664 720 2719 fuiffe
735 2664 1020 2739 insculptus
1040 2681 1103 2716 ex
1129 2678 1277 2735 parte
1303 2663 1464 2714 altera
1490 2661 1769 2714 cantharus
1785 2708 1798 2730 ‚
1821 2664 1936 2737 cly-

366 2742 599 2815 peusque
618 2760 680 2795 ex
712 2741 871 2792 altera
890 2785 904 2807 ,
929 2755 985 2791 ut
1011 2743 1062 2790 in
1088 2738 1429 2791 Ilmeniorum
1451 2755 1667 2789 nummo
1686 2781 1701 2804 ,
1732 2736 1929 2793 suadet.

361 2819 450 2870 Est
470 2831 648 2870 autem
675 2814 803 2869 illud
832 2819 887 2872 F.
916 2814 1187 2870 AEolicum
1217 2814 1480 2887 digamma
1500 2857 1514 2880 ‚
1546 2830 1642 2886 pro
1673 2829 1728 2873 Φ.
1849 2808 1856 2815 ’

213 2892 289 2945 ΡΙ
312 2894 365 2947 D
386 2895 425 2946 E
444 2896 502 2948 N
518 2895 604 2946 TI
627 2895 689 2948 A.

285 2968 332 3021 C
352 2970 404 3021 O
424 2970 485 3024 L.
522 2971 609 3021 IV
628 2972 684 3023 L.
728 2971 765 3022 F
783 2971 805 3022 Ι
823 2970 877 3022 D
895 2967 934 3018 E
956 2968 1013 3020 N
1028 2968 1078 3020 T
1097 2969 1116 3018 Ι
1138 2967 1201 3020 A.
1235 2963 1437 3019 Tiberii
1461 2981 1702 3016 nummus
1722 3007 1734 3029 ,
1752 2961 1930 3016 eThe..

365 3041 511 3094 sauro
542 3044 775 3112 Goltzii‚
811 3059 927 3117 pag.
962 3061 1097 3110 240.
1123 3040 1321 3108 Plinio,
1341 3040 1429 3103 lib.
1474 3060 1490 3094 ι
1518 3060 1534 3093 1
1562 3060 1606 3093 1.
1635 3037 1752 3091 sea.
1793 3059 1810 3092 1
1838 3059 1853 3090 1
1881 3057 1930 3091 ι,
