2228 3428
437 228 505 277 66
1006 229 1113 273 DE
1162 212 1608 273 BAPT'rsMo

422 302 595 391 plane
626 301 685 360 in
715 301 959 362 nomine
994 297 1213 364 Christi
1246 297 1537 389 baptizari
1571 322 1593 380 ‚1
1635 319 1709 379 'ex
1741 298 1906 362 Affis
1946 311 2003 365 ὃς
2036 308 2149 368 Pa-

425 389 606 455 tribus
626 443 645 471 ,
671 413 736 453 ut
754 390 1028 473 vicimum,
1055 391 1256 481 palam
1275 393 1375 456 est.
1823 410 1826 415 ’

1237 533 1355 592 ΙΧ.

534 668 766 728 Mirum
800 662 886 726 est
914 687 1066 755 quot
1105 659 1159 727 se
1190 685 1426 727 vertant
1457 669 1517 727 in
1544 683 1771 753 pai⁴te5‚
1807 684 1959 754 quot
1994 658 2048 725 se
2095 667 2155 725 in

426 757 724 848 angustias
771 761 1094 841 conjiciant
1129 761 1163 820 ii
1196 810 1213 836 ,
1254 762 1357 846 qui
1406 754 1544 819 alias
1585 755 1936 844 expediendi
1983 754 2156 840 hujus

425 849 571 912 nodi
599 854 718 913 vias
750 872 820 911 ac
855 854 1113 912 rationes
1136 854 1496 940 excogitant.
1530 846 1860 914 Nicolaum
1892 856 2062 909 aiunt
2081 846 2154 908 de

427 937 547 1012 fide
581 942 766 1006 modo
797 941 1043 1003 ministri
1074 964 1331 1031 utraque
1369 935 1757 1031 responsionis
1792 962 1958 1027 parte
1995 938 2155 1002 locu-

430 1054 589 1100 tum:
627 1033 791 1125 quod
842 1031 1163 1096 abhorrere
1213 1028 1439 1121 prorsus
1477 1057 1509 1095 a
1544 1057 1688 1096 vero
1732 1030 1824 1094 vel
1873 1030 1995 1094 haec
2041 1055 2156 1093 vox

427 1148 583 1209 una,
616 1132 671 1212 fi
693 1128 964 1216 baptizati
987 1127 1123 1208 siant
1155 1179 1173 1207 ‚
1229 1148 1360 1215 quae
1411 1123 1635 1214 paffivae
1682 1124 1985 1213 potestatis
2017 1122 2102 1185 est
2140 1176 2157 1202 ‚

431 1239 635 1305 aperte
654 1219 880 1307 prodit:
902 1242 1064 1299 cum,
1078 1239 1144 1281 ut
1160 1216 1244 1280 est
1261 1217 1734 1280 demonstratum
1752 1241 1785 1278 a
1805 1213 1998 1294 nobi5‚
2026 1210 2159 1278 sub-

432 1307 813 1400 sequentibus
852 1310 1065 1374 eadem
1093 1314 1414 1394 comunes&
1432 1307 1624 1373 verbis
1645 1363 1661 1390 ,
1691 1315 1744 1372 in
1762 1314 1974 1372 nomine
2003 1308 2160 1372 (lm-

419 1403 534 1485 sti,
566 1400 858 1495 significet
891 1426 1013 1466 non
1045 1402 1288 1467 ministri
1321 1408 1426 1494 qui
1458 1400 1675 1484 abluit³
1714 1396 1809 1465 sed
1828 1424 2037 1464 eorum
2058 1404 2163 1491 qui

435 1492 790 1576 abluuntur,
824 1493 1115 1583 explorari
1147 1493 1347 1558 fidem.

536 1585 929 1653 Ambrosium
959 1586 1038 1649 illi
1065 1586 1314 1668 deinde,
1347 1609 1473 1677 quo
1506 1585 1796 1652 Nicolaus
1818 1589 2060 1647 anei-ore
2084 1591 2162 1649 in·-

437 1685 639 1743 nititur
671 1734 689 1760 ,
717 1680 837 1742 duo
874 1677 1132 1741 docuisse
1168 1674 1711 1741 comminiscuntur.
1749 1675 2024 1741 Alterum
2043 1730 2060 1758 ,
2093 1675 2163 1741 fi-

441 1772 579 1834 dem
614 1769 951 1858 explicitam
986 1768 1238 1849 Christi,
1270 1789 1337 1832 ut
1372 1777 1543 1831 a'i'unt
1562 1822 1578 1849 ,
1610 1766 1797 1830 fidem
1829 1766 1942 1828 effe
1973 1768 2165 1855 impli-

441 1869 624 1926 citam
641 1867 964 1927 Trinitatis:
992 1858 1302 1950 fidemque
1323 1858 1477 1923 hanc
1497 1865 1803 1951 geminam
1824 1867 1886 1925 iis
1916 1857 2166 1923 vocibus

442 1953 764 2047 defignari,
779 1958 838 2039 st
861 1958 917 2017 in
947 1957 1158 2018 nomine
1180 1955 1487 2033 Trinitatis,
1523 1957 1627 2016 <vel
1656 1974 1872 2018 tantum
1899 1956 1957 2016 in
1990 1958 2168 2017 nomi-

443 2072 510 2113 ne
548 2049 762 2131 christi.
826 2043 1103 2111 Alterum
1146 2098 1164 2125 ‚
1234 2038 1493 2107 sufficere
1544 2043 1891 2133 implicitam
1925 2049 2165 2107 invoca.

442 2145 672 2203 tionem
720 2143 1025 2204 Trinitatis
1073 2137 1149 2200 ad
1203 2130 1474 2225 baptismi
1534 2141 1954 2228 integritatem.
2011 2144 2168 2202 Pon-2

444 2229 671 2295 tificem
700 2252 868 2321 parte
898 2231 1210 2293 dumtaxat
1244 2234 1438 2317 priore
1469 2224 1637 2296 usum
1672 2282 1688 2309 ,
1726 2254 1849 2322 qua
1891 2227 2111 2322 egebat
2149 2258 2162 2292 x

445 2348 568 2390 non
601 2329 747 2388 item
779 2321 1093 2413 postrema.

557 2424 788 2483 Verum
822 2437 946 2478 non
976 2438 1096 2477 una
1126 2419 1185 2476 in
1218 2413 1335 2476 hoc
1362 2437 1486 2475 uno
1515 2408 1820 2501 responsO‚
1846 2410 1944 2477 secl
1979 2414 2169 2479 multi-

451 2507 585 2599 plex
614 2506 995 2574 hallucinatio
1027 2504 1129 2569 est.
1165 2512 1332 2571 Nam
1367 2517 1383 2583 (
1416 2526 1482 2566 ut
1516 2510 1792 2567 omittam
1830 2520 2063 2585 cetera)
2100 2530 2169 2568 ex

454 2598 687 2666 duobus
717 2594 868 2663 hisce
900 2596 1189 2687 capitibus
1209 2652 1228 2679 ‚
1261 2620 1393 2688 quae
1431 2593 1756 2660 Ambrosio
1785 2596 2166 2684 affinguntur,

453 2717 641 2786 quam
674 2690 746 2756 sit
781 2690 1068 2780 posterius
1097 2689 1357 2754 alienum
1390 2686 1468 2751 ab
1497 2695 1621 2773 ejus
1640 2711 1874 2771 mente,
1895 2683 1951 2755 ss
1956 2690 2030 2754 de
2048 2682 2170 2753 for-

454 2809 555 2855 ma
584 2783 852 2848 locutum
882 2782 1246 2864 existimant,
1281 2805 1405 2873 qua
1433 2781 1764 2845 ministrum
1810 2788 1897 2846 uti
1939 2780 2170 2846 neeesse

455 2877 529 2943 fit
553 2932 571 2958 ,
600 2883 706 2969 qui
731 2874 949 2956 abluit,
987 2874 1164 2965 paulo
1197 2896 1340 2937 ante
1374 2869 1670 2937 ostensum
1690 2873 1802 2941 est:
1829 2881 2050 2966 quippe
2066 2880 2172 2965 qui

457 2969 530 3036 fit
568 2976 626 3033 in
651 2993 724 3032 eo
752 2990 944 3051 torm,
976 2990 1043 3030 ut
1077 2966 1223 3033 illius
1266 2968 1500 3030 tantum
1529 2972 1635 3057 qui
1661 2964 1918 3030 abluitur
1942 3022 1959 3048 ‚
1987 2965 2172 3031 fidem

459 3061 727 3151 explicet.
779 3065 983 3148 Qm
1021 3058 1094 3126 fit
1123 3081 1326 3130 autem
1367 3069 1424 3129 δέ
1458 3065 1613 3147 prius
1645 3056 1785 3128 illud
1820 3081 1947 3129 tum
1975 3083 2080 3150 per
2115 3054 2169 3125 se
