2228 3428
281 211 406 264 454
797 181 1125 237 NUMMl
1184 180 1604 255 ANTIQH

354 271 500 324 0123
524 271 635 317 nN
664 273 710 317 o
733 272 792 318 c.
856 268 1133 316 ΝΑΥΛΡ
1153 267 1198 313 Χ
1219 268 1240 312 1
1263 268 1373 314 Ao
1393 269 1452 315 c.
1515 256 1704 310 Sidonis
1765 255 1999 316 olafflcae.

435 339 705 391 Nummus
729 334 942 405 Trajani
976 335 1027 386 in
1060 332 1289 385 Cimelio
1319 335 1505 404 Regio,
1549 334 1639 386 De
1666 351 1798 387 voce
1820 360 2009 408 'ww'

435 410 557 487 χίῶς
592 411 789 483 egimus
823 408 986 460 verbo
1026 421 1076 465 Δ
1095 421 1144 467 Ω
1163 422 1197 465 Ρ
1217 420 1266 465 Ω
1290 422 1351 465 Ν.
1403 405 1622 460 Psaefert
1661 405 1748 458 hic
1771 427 2012 462 nummus

424 485 706 536 ‘mulierem
725 502 891 558 prorae
914 483 1406 536 navisinfistentem.
1435 480 1591 536 Urbis
1609 499 1825 554 quoque
1841 502 2016 551 aeram,

440 574 492 618 L.
524 569 562 614 Z
582 571 695 617 KC.
738 558 1025 626 λυχρίζοιντα,
1051 559 1169 634 σκζῆ
1196 576 1374 610 annum
1406 574 1433 608 c
1454 574 1480 607 c
1497 575 1528 608 x
1547 574 1579 606 x
1598 576 1660 610 v1
1681 576 1715 609 1.
1743 561 1830 628 qui
1861 555 2017 630 plane

439 634 623 688 incidit
634 637 684 686 in
701 652 895 687 annum
921 632 1075 689 Urbis
1105 638 1288 689 Romae
1307 652 1342 687 D
1363 655 1395 689 c
1412 653 1445 690 c
1463 651 1495 686 c
1509 652 1540 687 1.
1559 651 1592 685 v
1613 653 1647 687 1.
1667 631 1884 703 Trajani
1907 632 2019 707 sep-

444 711 628 763 timum
655 735 666 763 ι
710 708 859 783 quod
896 709 1168 783 peculiaris
1215 708 1548 765 Sidoniorum
1586 722 1685 757 aera
1723 723 2021 781 congruere

443 803 555 836 non
574 787 837 837 immerito
857 784 1094 838 videatur
1115 801 1231 835 cum
1255 781 1460 857 epocha
1478 783 1760 854 Tyriorum
1785 825 1799 848 ,
1820 784 1886 834 de
1913 800 2020 853 qua

440 857 535 912 suo
569 860 693 911 loco
724 860 906 914 disturi
933 858 1119 914 sumu&
1148 859 1296 912 Alter
1325 856 1626 929 inscriptus,
1657 865 1751 914 ΘΕ
1772 870 1870 916 AC
1915 868 2019 914 (31-

443 945 496 990 Δ
519 947 568 993 Ω
587 948 692 993 No
712 946 751 992 C
775 978 788 1001 ‚
831 935 922 986 sub
949 935 1137 986 eodem
1172 934 1410 1007 Principe
1426 974 1441 999 ,
1464 948 1493 984 e
1527 931 1677 986 Gaza
1700 935 1867 1008 Regia
1888 977 1903 1001 ,
1928 933 2020 986 ha-

445 1008 539 1062 bet
575 1023 771 1078 HKC,
795 1027 976 1065 annum
1007 1026 1250 1065 ccxxvi
1274 1028 1289 1061 1
1315 1030 1349 1063 ι.

371 1085 420 1138 C
441 1087 493 1140 O
511 1087 568 1140 L.
601 1088 651 1140 A
667 1090 714 1141 V
737 1090 804 1141 R.
840 1087 902 1139 M
923 1086 962 1139 E
978 1086 1029 1137 T
1048 1087 1114 1140 R.
1150 1087 1180 1139 S
1199 1086 1221 1137 I
1239 1085 1311 1138 D.
1348 1081 1560 1137 Colonia
1579 1084 1800 1136 Aurelia
1816 1091 2021 1137 Metro-

435 1160 564 1229 polis
583 1161 912 1235 Sidon.Juliae
939 1157 1108 1213 Maesae
1129 1176 1370 1211 nummus
1389 1158 1528 1232 apud
1553 1161 1723 1212 Patin.
1757 1176 1878 1232 pag.
1894 1182 2022 1230 340.

446 1241 501 1290 &
522 1235 816 1311 Elagabali:
851 1251 1154 1308 quanquam
1186 1235 1401 1288 Patinus
1423 1276 1438 1300 ,
1469 1250 1588 1307 pag.
1623 1246 1735 1304 298.
1767 1253 1876 1286 non
1905 1236 2022 1288 Ela-

443 1311 635 1384 gabalo
654 1356 668 1380 ,
689 1312 773 1366 sed
804 1309 1090 1364 Caracallae
1119 1307 1415 1380 adjudicat,
1451 1325 1740 1381 perperam.
1772 1311 1920 1365 Nam
1946 1313 2021 1364 Si-

446 1387 702 1439 donianos
722 1402 903 1440 omnes
925 1401 1168 1438 nummos
1192 1382 1257 1436 ad
1278 1382 1619 1458 Elagabalum
1641 1387 1894 1453 attinere,
1924 1404 2022 1438 no-

443 1478 568 1514 runt
629 1479 759 1516 eriti.

373 1538 420 1592 C
440 1539 493 1591 O
513 1539 570 1592 L.
588 1480 662 1592 ΡΑ
680 1541 814 1594 VR.
857 1540 935 1593 ΡΙ
958 1539 1022 1592 Α.
1072 1537 1134 1590 Μ
1155 1537 1259 1591 ΕΤ
1279 1538 1346 1592 R.
1386 1536 1416 1589 S
1437 1536 1552 1591 ID.
1602 1535 1892 1590 Alexandri
1933 1539 2022 1591 Se-

450 1617 557 1665 veri
583 1631 852 1679 nummm,
877 1613 1014 1686 apud
1046 1613 1285 1665 Patinum
1310 1654 1325 1677 ,
1352 1627 1472 1683 pag,
1509 1630 1640 1682 349.
1669 1612 1722 1663 in
1752 1630 1860 1684 quo
1891 1615 2024 1664 Bac-

450 1689 578 1739 chus
609 1692 837 1742 occurrit
868 1733 883 1755 ,
927 1685 1218 1739 cantharum
1239 1691 1485 1754 potorium
1528 1686 1706 1737 dextra
1741 1687 2026 1754 pendentem

449 1780 664 1836 gesem,
685 1778 741 1815 ut
766 1766 837 1815 ait
862 1763 1133 1820 Arnobius
1157 1786 1168 1813 :
1199 1759 1409 1814 &idem
1427 1804 1442 1828 ,
1467 1760 1611 1813 cultu
1630 1758 1885 1833 vultuque
1909 1780 2024 1814 mu-

447 1837 596 1890 liebri
616 1839 714 1891 :ob
735 1855 890 1909 quem
908 1839 1116 1895 Διόνυσυν
1144 1837 1398 1907 α’νᾼγόψνον
1415 1835 1742 1908 appellatum
1758 1841 1832 1888 a'it
1847 1838 2026 1890 Theo-

450 1914 661 1966 doretus
683 1957 698 1980 ,
726 1912 817 1965 lib.
855 1936 869 1967 1
900 1935 914 1966 1
943 1935 987 1968 1.
1009 1912 1152 1966 Eccl.
1187 1912 1329 1965 Hist.
1357 1928 1472 1983 cap.
1504 1930 1628 1966 vii.
1658 1910 1759 1964 Sed
1790 1913 2023 1979 Parium,

447 1993 501 2040 <Sc
521 1990 762 2040 Patinum
792 1986 995 2040 secutus
1020 1990 1258 2060 Cuperus
1274 2030 1288 2051 ,
1315 2003 1429 2058 pag.
1453 1992 1557 2040 228.
1591 1986 1638 2039 C
1658 1988 1710 2040 O
1728 1987 1772 2040 L
1792 1990 1845 2042 O
1861 1991 1917 2044 N
1939 1991 2026 2046 IA

367 2072 369 2074 ’
447 2064 627 2118 AVG
648 2067 693 2119 V
715 2065 879 2118 STA
917 2080 1014 2135 pro
1049 2060 1453 2117 AVRELIA
1488 2057 1617 2112 falso
1645 2061 1845 2134 legunt.

366 2152 424 2195 M
444 2152 489 2195 H
509 2151 682 2198 Tpo.
718 2149 763 2200 Σ
784 2151 874 2196 ΙΔ
895 2151 1024 2198 ΩΝ.
1061 2150 1167 2196 ΚΟ
1189 2147 1251 2194 Λ.
1289 2147 1513 2194 ΤΥΡΟ.
1538 2137 2026 2207 anedmmzlffl.

450 2223 666 2275 Κολωνία.
704 2217 864 2282 Τὕςρς.
901 2215 1179 2286 Utriusque
1203 2214 1374 2286 gentis
1411 2213 1755 2264 concordiam
1785 2232 2029 2268 nummus

451 2291 537 2343 hic
574 2292 814 2345 Otacilia:
842 2291 1039 2341 indicat
1068 2334 1080 2352 ‚
1109 2289 1248 2361 apud
1289 2287 1567 2340 Goltzium
1603 2313 1614 2341 :
1644 2288 1731 2340 sed
1763 2290 1809 2343 is
1831 2289 2031 2343 inverse

450 2365 611 2438 legit,
648 2375 795 2425 ΣῙΔ
816 2379 943 2423 ΩΝ.
980 2373 1162 2422 KOA.
1198 2374 1426 2419 ΤΥΡΟ.
1463 2375 1764 2434 ΜῌΤΡΟ.
1793 2381 1905 2437 pag.
1931 2388 2027 2437 232.

374 2449 572 2501 ΒΑΣΙ
596 2449 845 2501 ΑΕΩΣ.
886 2449 1417 2496 AHMHTPIOT.
1459 2446 1929 2499 ΣΙΔΩΝῙΩΝ,
1984 2442 2025 2494 Ε

453 2517 698 2570 Medicea
743 2517 908 2569 Gaza.

377 2605 419 2650 C
436 2603 458 2648 I
483 2603 531 2648 Δ
549 2604 599 2649 Ω
618 2606 723 2649 ΝΟ
741 2603 798 2648 C.
833 2601 924 2649 ΘΕ
942 2603 981 2646 Α
998 2605 1053 2651 C.
1094 2602 1304 2650 IEPAC.
1348 2604 1391 2649 K
1414 2604 1452 2647 A
1471 2604 1509 2648 1.
1555 2602 1847 2651 ACTAOT.
1881 2604 2014 2649 ΚΑΙ.

454 2682 499 2724 Ν
519 2682 561 2723 Α
578 2679 620 2722 Υ
635 2681 676 2723 A
696 2682 730 2724 P
744 2678 788 2722 Χ
812 2679 832 2722 Ι
850 2679 898 2723 Δ
916 2681 961 2724 O
979 2680 1034 2725 C.
1058 2669 1309 2720 Triremis
1328 2711 1341 2735 ,
1365 2673 1724 2741 praerogativa:
1749 2668 1884 2719 illius
1903 2668 2029 2738 sym-

453 2741 636 2794 bolum
657 2785 672 2807 ‚
700 2739 771 2794 ob
798 2760 953 2815 quam
986 2742 1264 2820 Ναυοιρχῖς
1291 2743 1496 2796 dicitur.
1536 2729 1627 2797 ‘Ex
1659 2757 1810 2816 parte
1836 2742 1996 2795 altera
2015 2785 2031 2809 ,

453 2834 609 2891 caput
635 2820 892 2870 turritum.
922 2818 961 2870 E
986 2819 1212 2872 Cimelio
1240 2820 1430 2890 Regin).

307 2909 345 2952 C
363 2908 385 2951 Ι
405 2902 501 2952 ΚΥ
520 2906 570 2951 Ω
587 2907 631 2950 N
649 2905 671 2948 I
695 2907 744 2953 Ω
765 2906 824 2949 N.
847 2893 1131 2949 Caracallae
1154 2937 1167 2959 ,
1193 2891 1443 2946 Plautillae
1458 2936 1471 2959 ,
1495 2893 1647 2946 Getae
1674 2893 1871 2946 nummi
1891 2891 2030 2964 apud

449 2972 620 3023 Patin.
657 2986 774 3043 pag.
806 2990 918 3038 3¹9·
941 2986 1058 3019 cum
1088 2970 1279 3040 Hygiae
1313 2969 1496 3033 icone,
1523 2986 1661 3019 nunc
1693 2967 1901 3021 Cimelii
1923 2969 2028 3036 Re-

455 3045 540 3115 gii.
573 3042 674 3097 Alii
694 3062 811 3098 cum
834 3045 981 3117 jovis
1016 3042 1240 3096 sedentis
1267 3041 1465 3117 effigie:
1491 3042 1578 3095 ahi
1598 3060 1715 3096 cum
1746 3038 2031 3113 Apollini-³,
