2228 3428
684 218 1388 278 ILLusTRATL
1848 229 1961 296 ῃ,

228 291 613 351 SALONA.

304 367 501 425 COL.
545 370 985 427 CLAVDIA.
1026 371 1402 425 AVGVSTA.
1452 372 1595 427 PIA.
1641 373 1872 429 VETE
1891 376 1958 430 R.

377 445 410 497 S
426 449 472 501 A
491 447 534 499 L
553 446 607 498 O
626 447 683 500 N
701 447 765 500 A.
797 447 926 499 Hoc
953 445 1026 496 est
1043 489 1056 511 ,
1081 452 1453 500 Veteranorum.
1489 447 1691 500 Tiberii
1720 467 1960 501 nummus

382 520 523 593 apud
559 521 863 592 Ligorium‚
886 518 1168 571 attestante
1204 519 1557 593 Spanhemio,
1588 539 1704 596 pag.
1735 531 1857 595 769.
1887 526 1964 578 Sit

382 611 544 669 penes
573 595 842 667 Ligorium
879 593 985 664 ejus
1014 595 1213 646 nummi
1247 594 1396 652 fides.
1455 595 1627 648 Plinio
1652 640 1664 662 ,
1693 598 1783 652 lib.
1825 620 1841 652 1
1870 619 1886 652 1
1913 621 1958 654 1.

383 669 500 722 sest.
527 687 558 720 x
577 686 707 723 xvi.
734 667 923 724 Salona
952 665 1154 721 colonia.
1188 667 1481 723 Ptolemaeo
1512 688 1755 743 quoque,
1782 675 1962 734 Σαλῶ-

383 769 446 814 roq
476 750 679 802 κολωνία.
716 743 1042 798 Diocletiani
1061 745 1254 816 patria:
1275 762 1413 796 nunc
1439 743 1629 800 excisa:
1657 763 1719 798 ex
1737 748 1842 819 ejus
1859 752 1959 800 rui-

383 822 460 872 nis
482 819 623 872 haud
653 818 839 891 procul
870 821 1152 870 excitatum
1189 819 1472 890 Spalatum.

314 891 362 945 C
381 896 433 949 O
455 896 513 948 L.
556 895 643 947 IV
662 896 719 948 L.
760 896 790 947 S
808 894 856 946 A
875 894 986 947 LO
1007 895 1064 947 N
1084 893 1149 946 A.
1197 893 1404 946 Claudii
1437 913 1678 948 nummus
1707 941 1721 964 ,
1750 913 1778 949 e
1810 895 1960 950 The-

384 966 534 1022 sauro
567 967 774 1022 Goltzii
794 1011 808 1035 ,
839 985 956 1039 pag.
977 989 1098 1040 240.
1124 971 1291 1022 Vetus
1314 969 1579 1044 inscriptio
1600 970 1738 1045 apud
1770 973 1966 1025 Grute-

385 1061 678 1173 {ugffzg
719 1064 792 1112 23.
832 1043 1030 1099 COL.
1076 1044 1785 1101 MARTIA.1VL1A.
1833 1050 1961 1106 SA-

237 1202 284 1257 Σ
302 1208 342 1251 Α
362 1205 417 1250 M
433 1206 475 1250 A
491 1208 525 1251 P
539 1208 575 1253 E
594 1206 616 1251 I
635 1206 684 1252 Ω
705 1207 765 1251 N.
788 1197 1055 1250 Nummus
1088 1211 1247 1267 quem
1278 1169 1515 1251 vidimus.
1537 1198 1834 1271 Stephano:
1864 1206 1966 1258 Σα-

388 1271 564 1343 μοίρειοι
586 1314 598 1336 ,
628 1269 769 1329 ’πόλις
801 1273 1053 1337 Ἰουὲσιίοις,
1081 1273 1109 1332 n‘
1143 1278 1528 1339 μεπνομοιοθεῗσυι
1561 1274 1874 1332 Νεοίπυλις..
1911 1274 1967 1331 τὲ

389 1347 540 1403 ἐθνικόν
572 1347 858 1419 Σωρωιρόῦς,
889 1349 954 1416 atq)
981 1345 1295 1419 Σαμαρείτης.
1337 1351 1427 1403 De
1461 1349 1698 1423 Neapoli
1725 1352 1964 1403 Samaria:

391 1421 609 1474 diximus
639 1422 864 1495 superius
891 1424 979 1474 suo
1000 1424 1144 1477 loco.

241 1505 287 1558 Σ
309 1509 347 1553 A
366 1508 421 1552 M
441 1508 463 1551 I
482 1509 531 1553 Ω
548 1511 610 1553 N.
649 1499 873 1550 Nummi
893 1497 1108 1566 Trajani
1125 1499 1274 1550 :item
1298 1496 1588 1552 Commodi
1605 1515 1723 1551 cum
1737 1500 1969 1572 Junonis·

392 1569 578 1622 velatae
602 1574 755 1622 icone
774 1613 788 1636 ,
807 1569 947 1642 apud
973 1570 1270 1626 Tristanum
1289 1616 1302 1637 ,
1331 1588 1462 1624 tom.
1492 1592 1530 1624 1.
1554 1590 1670 1646 pag.
1697 1593 1809 1643 737.
1835 1573 1966 1626 alio-

392 1662 631 1717 rumque.
653 1645 822 1698 Plinio
841 1686 853 1710 ,
881 1640 969 1698 lib.
991 1664 1039 1698 v.
1068 1644 1183 1699 sest.
1204 1664 1237 1698 x
1254 1666 1286 1698 x
1302 1666 1335 1698 x
1350 1666 1380 1700 v
1398 1667 1415 1699 1
1434 1668 1470 1700 1.
1493 1649 1628 1699 inter
1645 1646 1829 1700 insulas
1850 1667 1966 1720 quae

393 1721 556 1772 Ioniae
587 1739 688 1772 orae
716 1717 987 1789 adjacent:
1014 1727 1189 1778 Samos
1212 1721 1389 1776 libera.
1412 1723 1550 1777 Vide
1570 1722 1769 1775 nostras
1784 1724 1836 1775 in
1861 1723 1968 1778 Pli-

393 1795 534 1845 nium
569 1810 736 1850 notas.

315 1876 784 1928 ΠΥΘΑΓΟΡΗ
803 1883 858 1928 C.
898 1883 1108 1929 CAMI
1128 1884 1255 1930 ΩΝ.
1285 1871 1576 1926 Commodi
1606 1891 1885 1942 nummUS,
1914 1878 1971 1928 ὅῑ

392 1941 525 1996 alter
551 1947 766 2017 Trajani
791 1949 979 1999 Decii:
1013 1961 1236 2018 uterque
1257 1963 1284 1999 e
1310 1947 1536 2000 Cimelio
1557 1950 1749 2020 Regio.
1780 1949 1978 2022 Pytha-

393 2035 547 2090 goras
578 2020 745 2090 sedet,
778 2020 1081 2092 baculo-que
1103 2022 1271 2075 stellas
1293 2023 1345 2072 in
1370 2021 1537 2095 globo
1566 2022 1753 2076 caelesti
1782 2022 1971 2096 signat.

394 2098 522 2170 Qo
551 2094 733 2146 habitu
767 2098 862 2149 viri
899 2096 1114 2147 indicari
1143 2094 1274 2148 illud
1313 2098 1522 2149 videtur
1542 2140 1557 2163 ,
1587 2099 1734 2169 quod
1778 2098 1981 2151 Plinius

390 2173 497 2234 ait,
520 2170 611 2224 lib.
652 2192 668 2224 1
696 2192 738 2226 1.
763 2170 878 2224 fecit.
916 2190 1002 2224 v‘1.
1038 2171 1126 2222 ubi
1157 2172 1222 2222 de
1243 2170 1387 2223 stella
1420 2174 1637 2226 Veneris·
1663 2189 1850 2247 agens:
1875 2182 1976 2228 In-

379 2242 474 2311 fra
500 2244 687 2308 Solem,
715 2249 888 2319 inquit
907 2288 922 2312 ,
949 2243 1112 2298 ambit
1135 2252 1295 2320 ingens
1313 2245 1450 2319 fidm
1483 2288 1497 2309 ‚
1526 2248 1833 2317 appeffatum
1861 2256 1924 2302 V
1919 2268 1977 2313 eg

391 2329 517 2372 neris
533 2362 547 2382 ,
567 2320 767 2395 ipstsque
785 2319 1141 2395 cognominibzcs
1159 2320 1380 2373 aemulum
1397 2320 1523 2376 Solis
1543 2342 1609 2376 ac
1623 2332 1780 2376 Lunae
1798 2330 1980 2379 :Pria

393 2402 595 2449 veniens
620 2404 795 2468 quippe
819 2396 880 2460 &v
899 2411 1018 2448 ante
1042 2403 1340 2451 matutinum
1367 2404 1610 2461 exoriens,
1638 2398 1862 2465 Luciferi
1882 2418 1969 2452 noa-

393 2476 498 2525 'men
525 2479 709 2539 accipit
727 2513 743 2534 ,
772 2488 829 2526 ut
846 2471 935 2528 Sol
949 2471 1117 2536 alter,
1146 2473 1276 2524 diem·
1300 2488 1552 2526 maturans
1569 2498 1583 2525 .·
1614 2490 1779 2527 contra
1807 2473 1875 2526 ab
1898 2495 1975 2530 oc-

397 2549 511 2619 casti
532 2546 765 2620 refulgens
783 2562 1086 2617 nuncupatur
1101 2558 1162 2601 V
1158 2554 1287 2618 esper
1300 2595 1317 2614 ,
1340 2563 1393 2600 ut
1408 2563 1670 2623 prorogans
1687 2552 1833 2604 lucem
1849 2591 1864 2613 ‚
1885 2557 1971 2603 vi-

393 2639 593 2692 cemque
621 2631 779 2674 Lunae
801 2624 1010 2678 reddens.
1065 2629 1237 2698 Qam
1260 2640 1495 2677 naturam
1522 2629 1625 2693 ejm
1654 2624 1982 2701 Pythagoras*

399 2701 604 2749 Samius
638 2703 824 2764 primus
873 2694 1182 2765 deprehendit
1200 2739 1222 2760 ,Α
1246 2700 1539 2771 Olympiade
1568 2708 1757 2756 circiter
1792 2719 1831 2755 x
1847 2720 1877 2755 L
1898 2721 1916 2755 1
1932 2721 1967 2754 ι’.

401 2770 603 2841 quifuit
627 2780 688 2825 V
683 2770 776 2823 rba
803 2780 981 2826 Romae
1001 2791 1160 2824 amnes
1191 2793 1317 2829 CXL
1340 2795 1360 2827 r
1377 2795 1413 2828 ῐ».

329 2855 369 2902 C
391 2859 430 2902 A
448 2859 504 2902 M
520 2860 542 2902 I
565 2859 614 2904 Ω
632 2861 691 2904 N.
755 2847 1044 2900 Commodi
1074 2866 1314 2900 nummus
1337 2893 1350 2915 ‚
1380 2852 1438 2899 in¹
1467 2850 1742 2904 Thesauro
1769 2854 1937 2905 Patini
1956 2896 1984 2921 5

406 2939 521 2995 pag.
552 2932 662 2993 176.
685 2913 899 2994 &ffipud
916 2923 1213 2975 Tristanum
1233 2968 1246 2990 ,
1272 2938 1400 2978 tom.
1425 2941 1463 2979 ῐ.
1488 2942 1605 2997 pag.
1624 2930 1736 2997 736..
1765 2929 1976 2979 Hercu-

401 2995 504 3050 lem
535 3015 651 3048 cum
678 2995 907 3063 athleta,
937 2996 1162 3070 quisquis
1183 2998 1256 3050 est
1273 2998 1391 3066 ille,
1412 2999 1521 3072 jam
1542 3002 1652 3074 jam
1679 3001 1985 3074 congressu--

399 3089 515 3124 rum
548 3071 777 3126 exhibet.
816 3071 966 3126 Alter
995 3089 1023 3126 e
1052 3071 1279 3128 Cimelio
1306 3077 1480 3149 Regio
1508 3118 1535 3144 ‚.
1556 3094 1673 3130 cum
1709 3079 1768 3132 N
1775 3090 1990 3151 eptuno

382 3147 577 3221 jovem
604 3147 851 3225 stantem*
1700 3154 1807 3207 111
