2228 3428
731 192 1357 250 ILLUSTRATI.
1699 233 1702 237 -
1843 197 1950 266 269

364 271 459 322 λίευ
493 262 770 338 Σωκραῖτοις.
806 266 1089 320 Caracallae
1110 285 1139 319 e
1161 268 1389 321 Cimelio
1420 268 1610 342 Regio,
1648 270 1807 343 Apud
1837 270 1947 342 Cy-

367 343 536 392 zicum
582 360 610 392 a
644 344 837 395 Severo
875 342 1163 394 Caracallae
1207 357 1357 414 patre
1389 344 1695 396 Pescennius
1738 347 1944 419 Niger,

367 416 458 483 qui
492 419 684 486 pariter
710 418 980 488 imperium
1009 430 1325 486 occuparat,
1351 413 1522 468 fuerat
1552 420 1911 492 interemptus,

290 500 444 547 ΚΥΖ
467 501 800 550 ΙΚΙ-ΙΝΩΝ
837 498 1329 547 ΝΕΩΚΟΡΩΝ,
1363 491 1567 543 Cereris
1601 489 1741 544 faces
1766 500 1818 547 ὃς
1847 512 1939 546 an-

367 583 492 633 gues
510 611 523 633 ,
553 586 673 618 cum
700 583 784 615 ara
802 609 815 630 ‚
837 568 889 615 in
917 563 1200 616 Caracallae
1232 582 1449 615 nummo
1471 608 1483 629 ‚
1505 566 1645 638 apud
1674 569 1940 638 Patinum,

283 634 290 642 ¹
365 623 490 715 {mg-
519 663 620 709 302.
649 639 833 696 Similis
864 638 938 690 est
955 636 1184 710 Philippi
1215 641 1267 692 F.
1294 656 1410 711 pag.
1431 645 1536 709 388.

287 727 438 772 APX.
486 725 624 772 AIA.
664 725 929 772 ONHCI
952 727 1121 774 ΦΟΡ.
1159 724 1329 771 ΛΥΡ.
1366 726 1593 774 ΑΝΤΩ
1616 727 1934 776 ΝΕῙΝΙΑ.

363 801 555 847 ΚΥΖΙ
577 802 633 847 Κ.
673 801 839 846 AIC.
881 800 1121 846 ΝΕΩΚ.
1162 790 1239 841 Ex
1276 805 1424 861 parte
1458 790 1653 861 altera,
1681 805 1935 852 ΑΝΤΩ-

363 877 567 924 NINO
586 878 643 923 C.
688 875 1009 923 ATFOTC
1029 877 1133 923 TO
1156 876 1214 921 C.
1258 866 1343 916 Sic
1381 862 1485 937 legi
1518 868 1568 916 in
1613 883 1678 918 eo
1715 885 1933 920 nummo

365 943 588 1012 Sponius
626 943 699 991 ait
726 985 740 1008 ,
781 958 900 991 cum
943 940 1028 991 alii
1062 957 1158 1011 pro
1193 950 1363 996 ΑΥΡ.
1407 936 1715 994 substituere
1756 956 1796 999 Α
1817 956 1933 1002 ΚΤ.

357 1016 619 1070 auderent.
651 1018 774 1070 Nos
799 1029 846 1074 O
863 1030 908 1073 N
924 1028 975 1072 H
996 1028 1034 1073 C
1052 1028 1074 1072 I
1091 1030 1126 1076 Φ
1146 1027 1192 1072 O
1212 1029 1246 1072 P
1262 1029 1308 1073 O
1328 1027 1371 1071 Υ
1407 1026 1458 1070 Β.
1495 1017 1598 1089 legi
1639 1018 1934 1090 oportuisse

359 1089 669 1162 suspicamur
696 1134 710 1156 ,
748 1106 806 1142 ut
848 1090 912 1142 fit
952 1091 1062 1144 haec
1101 1094 1262 1143 totius
1300 1091 1610 1164 epigraphes
1645 1090 1930 1150 sententia:

359 1167 629 1243 Ἀρχιερέως
652 1167 815 1224 Αἰλίου
832 1166 1125 1235 Ὀνκστφούυ
1139 1166 1506 1235 β’,Ἀντωνεῖνιοι,
1522 1165 1777 1245 Κυζικκναῗν
1795 1173 1933 1228 Nece-

355 1243 505 1312 misor.
528 1242 766 1310 pontifice
795 1243 936 1296 AElio
968 1238 1252 1317 Onefiphoro
1271 1253 1445 1296 iterum
1462 1285 1477 1306 ,
1505 1250 1820 1307 Antoninia,
1846 1245 1931 1299 vel

353 1325 708 1372 Antoniniana
733 1325 999 1371 certamina
1021 1361 1034 1384 ,
1061 1324 1310 1399 Cyzicenis
1336 1326 1404 1373 N
1406 1325 1593 1374 eocort's.
1618 1323 1931 1374 Certamina

353 1392 442 1445 hic
459 1396 594 1446 enim
616 1394 970 1446 Antoniniana
994 1393 1179 1468 fignari
1197 1438 1210 1460 ,
1234 1392 1340 1445 hoc
1353 1394 1427 1447 est
1447 1439 1460 1461 ,
1492 1397 1543 1446 in
1573 1397 1791 1469 gratiam
1816 1399 1933 1450 An-

355 1471 552 1534 tonini,
569 1469 668 1521 five
689 1469 993 1535 Caracallae,
1017 1484 1075 1520 ut
1097 1469 1301 1535 volunt,
1325 1467 1407 1522 seu
1432 1473 1617 1537 verius,
1638 1473 1713 1521 uti
1737 1487 1930 1541 remur,

352 1542 620 1616 Elagabali
639 1542 805 1609 edita,
832 1546 1186 1616 nequicquam
1218 1542 1516 1617 refragante
1545 1549 1768 1619 Sponio‚
1791 1545 1931 1600 libro

352 1635 510 1688 quem
541 1618 752 1672 Gallice
777 1615 1033 1692 inscripsit
1054 1663 1068 1686 ,
1097 1615 1388 1674 Recherches
1410 1619 1740 1692 d’Antiquite'
1758 1662 1775 1684 ,
1804 1640 1926 1696 pag.

352 1714 484 1763 409.
509 1709 818 1767 argumenta
843 1692 949 1745 cluo
972 1696 1022 1744 in
1046 1696 1220 1768 primis
1239 1692 1486 1749 suadent:
1512 1694 1732 1748 alterum
1752 1741 1765 1764 ,
1788 1697 1924 1766 vasa,

353 1768 613 1822 calathive
643 1770 749 1822 duo
777 1813 791 1836 ,
830 1770 874 1820 ei
900 1787 1119 1821 nummo
1147 1768 1419 1843 insculpti,
1457 1788 1485 1822 e
1512 1774 1701 1843 quibus
1741 1773 1927 1846 palmae

351 1846 578 1895 emicant
606 1890 623 1914 ,
664 1863 781 1917 quac
823 1847 1163 1896 certaminum
1207 1849 1445 1918 praemia:
1477 1844 1698 1898 alterum
1725 1892 1738 1914 ,
1780 1852 1930 1921 quod

350 1933 455 1970 tam
486 1923 537 1970 in
558 1920 655 1972 isto
683 1938 899 1971 nummo
933 1923 1219 1972 certamina
1243 1937 1303 1971 ea
1337 1937 1472 1972 voce
1501 1923 1717 1975 indicari
1754 1924 1924 1994 palam

349 1991 414 2044 fit
431 2038 446 2058 ,
468 2010 625 2065 quam
644 1994 735 2045 illo
758 1996 1128 2066 Byzantiorum
1148 2038 1161 2061 ,
1185 2010 1341 2066 quem
1371 1995 1460 2047 suo
1481 1995 1603 2047 Ioco
1632 1998 1922 2066 attulimus,

349 2078 494 2124 ΒΥΖ
518 2081 864 2128 ΑΝΤΙΩΝ.
910 2080 1481 2128 ΑΝΤΩΝΕΙΝΙΑ.
1526 2084 1920 2131 CEBACTA.

349 2149 534 2216 Atque
555 2161 838 2217 utrumque
881 2145 1097 2219 perinde
1137 2143 1365 2217 ejusdem
1410 2148 1631 2220 Augusti
1665 2146 1796 2216 effe,
1825 2165 1922 2202 nec

351 2219 635 2273 Caracallae
656 2220 756 2292 jam
777 2263 790 2284 ,
825 2218 913 2272 sed
943 2219 1227 2293 Elagabalo
1252 2217 1666 2277 adscribendum.

273 2305 372 2352 ΚΥ
387 2304 424 2348 Ζ
446 2307 467 2350 Ι
482 2307 587 2353 KH
606 2309 650 2351 N
668 2306 717 2352 Ω
735 2310 796 2353 Ν.
830 2308 925 2353 NE
946 2308 997 2353 Ω
1015 2307 1057 2352 Κ
1075 2309 1121 2353 O
1136 2310 1170 2352 P
1187 2307 1237 2353 Ω
1256 2309 1316 2352 N.
1335 2296 1595 2349 Gordiani
1614 2301 1753 2351 tertii
1771 2317 1926 2354 num.·

345 2389 457 2422 mus
481 2397 490 2424 :
515 2374 565 2422 in
596 2390 706 2442 quo
729 2415 742 2437 ,
759 2389 869 2422 non
894 2370 1161 2425 Vulcanus
1188 2368 1500 2444 insculptus,
1537 2388 1595 2424 ut
1624 2375 1814 2427 Patino
1843 2378 1918 2428 vi-

344 2445 449 2497 sum
470 2490 484 2513 ,
510 2445 595 2498 sed
613 2446 890 2500 Praefectus
913 2442 1123 2498 fabrum
1143 2446 1283 2519 apud
1304 2447 1631 2519 CyzicenOS,
1664 2451 1744 2502 vel
1770 2449 1922 2504 faber

344 2519 450 2593 ipse
482 2521 673 2574 malleo
700 2518 892 2573 ferrum
926 2520 1148 2574 tundens
1176 2523 1230 2572 in
1255 2521 1448 2573 incude
1468 2566 1482 2590 ‚
1515 2540 1610 2575 ceu
1647 2542 1787 2578 arma
1827 2544 1918 2597 pa-

345 2611 484 2646 raret
510 2598 701 2649 civium
725 2597 918 2649 tutelae.
951 2593 1172 2664 StrabO,
1195 2593 1295 2650 loc.
1328 2599 1413 2651 cit.
1442 2597 1508 2649 de
1532 2601 1764 2672 Cyzico:
1793 2609 1923 2674 Tf54'5

345 2673 400 2726 Jx’
427 2672 519 2748 ἔχει
538 2671 856 2748 ὶξχιτέκπνας
877 2671 968 2730 0ἷῖ-
989 2671 1368 2740 ἐπτμελουρᾶόοις
1397 2672 1750 2744 οἶκοῶρωμαῖτων
1768 2706 1814 2736 τε
1839 2684 1916 2737 «Νι

346 2746 535 2815 μοσῖων,
569 2751 602 2818 25}
623 2747 827 2819 ὁργάνων.
856 2752 982 2816 Τῇἕὶς
1014 2746 1045 2818 {l
1078 2751 1110 2816 ’g'
1144 2750 1389 2817 ἤυσαυξριῖς
1410 2750 1664 2817 κέκτηται,
1695 2754 1767 2811 τᾶν
1790 2756 1843 2823 (50⁰
1864 2758 1918 2812 AV

344 2821 511 2881 ὅπλων
529 2865 542 2888 ,
565 2823 638 2878 ’τᾶν
666 2828 718 2880 AV
741 2822 935 2894 ὄργαίνων
960 2865 974 2887 ,
998 2821 1071 2878 τᾶν
1103 2821 1133 2896 ’3
1157 2823 1295 2880 σίτου.
1324 2834 1446 2878 Tres
1465 2823 1620 2877 habet
1649 2847 1708 2878 ea
1730 2836 1918 2882 civitas·

346 2895 632 2949 architefz‘os
649 2938 662 2959 ,
694 2907 781 2968 qui
811 2916 972 2948 curam
995 2913 1173 2974 gerant
1198 2898 1502 2967 aedtficiorum
1531 2900 1831 2969 publicorum
1857 2905 1920 2968 ὦ»

344 2976 765 3040 instrumentorum.
811 2978 941 3027 Tria
964 2977 1081 3024 item
1109 2981 1545 3027 armamentaria:
1578 2995 1723 3030 unum
1755 3000 1916 3032 armo-

342 3068 445 3104 rum
476 3090 493 3113 ,
531 3049 744 3106 alterum
775 3044 1106 3107 machinarum
1134 3094 1150 3119 ‚
1179 3048 1421 3119 frumenti
1443 3060 1651 3107 tertium.
1715 3056 1836 3111 Fuit
1863 3064 1916 3114 ὅῐ

1550 3127 1634 3183 Ll
1677 3129 1728 3202 iij
