2228 3428
383 216 386 219 «
731 179 1059 233 ΝΠΜΜῙ
1122 178 1538 247 ANTIQUI

369 255 417 309 C
438 255 490 307 O
506 255 564 306 L.
586 253 650 305 ‘C
666 251 824 305 ΑΕΒ.
861 254 907 306 Α
925 257 979 310 Ν
997 257 1088 308 TI
1111 256 1164 307 O
1188 253 1234 305 C
1255 251 1369 304 HE
1387 254 1444 305 N
1465 254 1496 304 S
1517 254 1538 304 Ι
1559 253 1607 304 S.
1638 253 1900 308 Antonini
1919 257 2027 324 Pii‚.

442 326 584 398 apud
616 328 853 382 Patinum
874 372 888 394 ,
916 347 1032 403 pag.
1066 335 1187 399 318.
1222 332 1277 380 ὃς
1323 327 1375 376 in
1404 326 1632 379 Cimelio
1656 329 1829 401 Regio
1853 373 1869 397 ‚
1899 349 2031 383 cum

444 403 552 455 Dei
575 400 706 452 Luni
733 400 922 474 effigie.
1885 441 1887 443 .

372 475 1019 531 COLONIAE.....
1077 478 1166 529 TI
1191 475 1407 529 OCH.
1455 473 1533 528 M.
1586 474 1838 541 Aurelii,
1875 477 2027 550 apud*

438 550 662 601 eundem
679 592 693 616 ‚
720 566 837 622 pag.
862 571 970 618 234.

372 625 421 679 C
444 625 496 677 O
517 625 578 677 L.
640 626 689 678 A
708 626 765 677 Ν
785 627 873 677 TI
897 627 950 678 O
970 625 1017 677 C
1039 625 1100 677 H
1120 626 1159 678 E
1178 627 1255 680 N.
1310 624 1482 680 Severi
1510 667 1524 689 ,
1565 640 1687 697 pag.
1713 628 1814 677 281.
1838 625 1889 674 in
1914 641 2022 694 quo

445 716 662 750 nummo
685 697 781 750 stat
802 697 910 766 ms,
937 700 1227 773 dextraque
1247 716 1470 766 ramum,
1497 700 1682 773 Copiae
1707 716 1871 750 cornu
1893 696 2025 750 laeva

444 788 595 843 gerit.
832 839 834 841 V

375 846 574 900 COL.
614 847 855 901 CAES.
895 848 1375 904 ANTIOCH.
1406 853 1460 900 δε

370 921 423 973 G
447 921 604 974 ENI
629 921 700 974 O.
764 923 812 976 C
837 924 964 976 OL.
1013 925 1134 977 AN
1157 924 1320 976 TIO
1345 924 1492 979 CH.
1554 923 1869 988 Caracallae,
1900 935 2018 993 pag.

449 1016 552 1064 301.
578 996 712 1047 Item
741 995 1009 1071 Elagabali
1025 1038 1041 1060 ,
1060 1012 1177 1050 cum
1206 999 1378 1071 priore
1400 997 1687 1073 epigraphe
1708 1040 1721 1065 ‚
1748 995 1885 1070 apud
1909 997 2023 1048 Oc-

445 1085 662 1136 couem,
699 1088 817 1142 pag.
841 1091 960 1141 403,

376 1146 423 1198 C
445 1146 497 1196 O
517 1144 574 1196 L.
631 1145 754 1200 AN
774 1147 823 1197 T
849 1149 943 1200 IO
967 1145 1012 1198 C
1032 1146 1109 1199 H.
1155 1145 1440 1201 Caracassae
1477 1151 1669 1222 pariter
1704 1150 1754 1198 in
1790 1144 2034 1200 Cimelia

449 1219 620 1290 Regio
638 1261 652 1283 ,
679 1237 797 1271 cum
824 1223 1012 1275 Dianae
1043 1219 1231 1293 effigie.

377 1292 550 1347 COL.
597 1293 644 1343 C
659 1294 751 1345 ΑΕ
769 1296 866 1349 SA
881 1300 933 1351 R
950 1297 989 1347 E
1009 1295 1073 1347 A.
1114 1298 1297 1350 ANT.
1343 1311 1386 1352 A
1404 1307 1446 1353 A
1467 1314 1520 1359 Φ.
1566 1293 1850 1348 Caracaliae
1873 1310 2027 1345 num..

449 1383 564 1418 mus
588 1409 601 1431 ,
635 1366 670 1418 fi
694 1368 991 1420 Tristanum
1039 1369 1272 1422 audimus
1307 1415 1321 1437 ,
1367 1386 1495 1425 tom.
1551 1392 1639 1425 11.
1673 1386 1793 1442 pag.
1829 1374 1937 1423 168.
1972 1371 2034 1419 in·

453 1459 562 1510 quo
583 1439 729 1492 Ifidis
758 1441 942 1493 velatae
965 1441 1195 1515 effigies:
1228 1445 1514 1518 epigraphe
1534 1485 1549 1506 ,
1583 1445 1789 1514 qualem
1816 1443 1920 1514 ipse
1950 1460 2027 1494 re..

450 1512 581 1580 fert,
610 1514 994 1588 corruptiffima.
1060 1518 1109 1570 C
1140 1520 1191 1572 O
1225 1520 1286 1573 L.
1349 1520 1396 1572 C
1414 1520 1515 1572 ΑΕ
1533 1522 1562 1572 S
1582 1519 1630 1569 A
1648 1520 1699 1571 R
1719 1518 1758 1569 E
1778 1518 1825 1570 A
1840 1517 1920 1571 ΕΙ
1945 1519 2034 1570 N..

452 1599 558 1644 ΑΛ
577 1603 631 1648 Φ..
664 1589 768 1645 Sed
795 1607 967 1662 neque
992 1590 1119 1643 illud
1149 1607 1191 1649 A
1210 1604 1257 1650 A
1275 1609 1310 1654 Φ
1344 1593 1410 1646 de
1439 1592 1647 1665 Alphea
1674 1594 1849 1646 Diana
1886 1592 2025 1640 acci-
2102 1650 2104 1652 v

450 1665 511 1737 pi
529 1678 776 1736 oportet,
803 1679 863 1715 ut
892 1664 998 1739 ipse
1031 1681 1208 1738 putat:
1239 1686 1340 1721 nec
1376 1666 1443 1719 de
1467 1669 1653 1721 Flaviae
1680 1668 2024 1739 praenomine,

452 1752 514 1790 ut
533 1738 617 1790 alii
652 1737 873 1791 voluntz·
894 1757 1012 1792 cum
1052 1740 1149 1793 fint
1184 1760 1255 1795 eae
1283 1758 1421 1795 notae
1455 1747 1505 1796 ὃς
1536 1743 1795 1794 idiomatis
1821 1739 2035 1808 diver1i„

455 1817 510 1866 &
535 1827 679 1864 extra
719 1815 897 1865 omnia
934 1815 1040 1887 ejus
1081 1817 1300 1870 coloniae
1343 1820 1557 1869 nomina
1596 1816 2029 1889 praenominaque

454 1886 664 1961 pofitae:
689 1885 776 1939 sed
803 1887 868 1941 de
894 1906 995 1942 aera
1018 1891 1265 1962 peculiari
1290 1910 1321 1944 a
1338 1889 1575 1964 Regibus
1604 1890 1737 1943 Afiae
1757 1887 1874 1962 post
1903 1889 2035 1941 Ale...

451 1961 637 2013 xaudri
682 1960 885 2016 obitum
911 1963 1177 2033 instituta,
1213 1984 1328 2038 quae
1354 1984 1472 2018 cum
1509 1964 1893 2023 Seleucidaitum
1926 1981 2024 2016 aera

456 2051 729 2109 congruat.
791 2038 881 2091 Est
919 2040 1058 2090 enim
1099 2057 1265 2091 annus
1302 2041 1410 2112 ejus
1441 2058 1582 2108 aerae,
1611 2038 1756 2105 ῷλοέ,
1788 2037 1891 2089 hoc
1917 2039 2034 2104 est„

453 2130 548 2167 DX
566 2130 711 2166 XXI.
749 2127 808 2163 ut
842 2115 892 2165 in
937 2113 1254 2166 Aradiorum
1282 2115 1773 2188 Tripolitarumque
1802 2114 2028 2164 nummis·

389 2210 392 2215 ⁴
454 2188 724 2247 dicemUS,
762 2184 1030 2260 Elagabali
1054 2186 1333 2258 supremus,
1394 2188 1545 2241 Unde
1577 2188 1909 2258 intelligimus
1932 2203 2027 2238 ne-

458 2276 564 2330 que
596 2258 736 2310 hunc
774 2276 990 2331 quoque
1023 2260 1307 2311 Caracallae
1332 2259 1435 2312 esse
1463 2304 1476 2328 ‚
1504 2258 1590 2311 sed
1623 2258 1916 2333 Elagabali:
1947 2273 2023 2310 at-

458 2349 565 2403 que
580 2333 707 2383 utin
738 2331 1072 2386 Sidoniorum
1095 2351 1385 2401 nummum,
1416 2352 1549 2408 quos
1583 2333 1867 2388 Caracallae
1894 2329 2032 2383 falso¹

457 2407 672 2459 Patinus
711 2405 1017 2478 adjudica-t,
1047 2425 1165 2460 cum
1209 2408 1310 2461 fint
1339 2407 1609 2483 Elagabali
1645 2433 1656 2462 ε
1701 2407 1769 2463 fic
1832 2410 1884 2459 in
1923 2406 2033 2459 isto,

456 2480 752 2534 Tristanum
783 2480 1157 2534 hallucinatum
1187 2481 1305 2538 effe.
1530 2481 1538 2485 χ

383 2556 1069 2613 ANTIOCHIA.
1151 2558 1568 2614 COLONI
1610 2559 1685 2612 A..
1761 2558 2015 2614 CAES.

455 2631 645 2684 IMP.
709 2631 866 2685 CAE
891 2634 939 2686 S.
997 2636 1075 2689 M.
1127 2635 1340 2689 ANT.
1420 2634 2029 2691 GORDIANVS.

449 2709 498 2760 A
518 2707 566 2758 V
587 2708 660 2763 G.
695 2706 737 2757 E
765 2706 992 2759 Cimeiio
1015 2709 1203 2780 Regio,

384 2781 895 2840 ANTIOCHI.
936 2782 1329 2840 COLONI.
1370 2783 1528 2837 Decii
1559 2798 1893 2851 nummusye
1922 2782 2011 2835 Ciz-

458 2854 616 2907 melio
644 2857 850 2927 Regio,
881 2861 933 2909 ὃς
952 2858 1093 2930 apud
1116 2859 1280 2910 Patin.
1312 2875 1430 2931 pag.
1452 2877 1552 2927 391.
1579 2873 1734 2929 quem
1756 2856 1843 2909 ille
1871 2874 2020 2908 num-

395 2973 398 2981 .
460 2946 601 2980 mum
634 2930 687 2979 in
713 2929 978 3004 Illyricum
1018 2934 1318 2988 Daciamve
1350 2934 1610 2985 immerito
1650 2931 1891 3005 ablegat,
1928 2928 2026 2981 ubi.

462 3015 710 3058 terrarum
740 3004 1025 3064 Antiochia
1050 3005 1189 3062 nulla
1204 3022 1433 3081 unquam
1461 3005 1577 3063 fuit.
1606 3007 1752 3060 Iri-eo
1779 3022 2021 3072 nummo?

1961 3093 2028 3130 ut·

285 184 362 249 48
