<?xml version="1.0" encoding="UTF-8"?>
<!DOCTYPE html PUBLIC "-//W3C//DTD XHTML 1.0 Transitional//EN"
    "http://www.w3.org/TR/xhtml1/DTD/xhtml1-transitional.dtd">
<html xmlns="http://www.w3.org/1999/xhtml" xml:lang="en" lang="en">
 <head>
  <title>
</title>
<meta http-equiv="Content-Type" content="text/html;charset=utf-8" />
  <meta name='ocr-system' content='tesseract 3.04.00' />
  <meta name='ocr-capabilities' content='ocr_page ocr_carea ocr_par ocr_line ocrx_word'/>
</head>
<body>
  <div class='ocr_page' id='page_1' title='image "./joannisharduinis00hard_0364.png"; bbox 0 0 2228 3428; ppageno 0'>
   <div class='ocr_carea' id='block_1_1' title="bbox 260 188 2005 3173">
    <p class='ocr_par' dir='ltr' id='par_1_1' title="bbox 260 188 1996 478">
     <span class='ocr_line' id='line_1_1' title="bbox 260 188 1568 258; baseline 0.005 -18"><span class='ocrx_word' id='word_1_1' title='bbox 260 188 367 256; x_wconf 64' lang='lat'><em>‘536</em></span> <span class='ocrx_word' id='word_1_2' title='bbox 734 189 1073 244; x_wconf 88' lang='lat' dir='ltr'><strong>NUMMI</strong></span> <span class='ocrx_word' id='word_1_3' title='bbox 1135 189 1568 258; x_wconf 87' lang='lat' dir='ltr'>ANTIQUI</span> 
     </span>
     <span class='ocr_line' id='line_1_2' title="bbox 261 272 1996 327; baseline 0.006 -10"><span class='ocrx_word' id='word_1_4' title='bbox 261 272 756 321; x_wconf 73' lang='lat' dir='ltr'>AYTOKPATOPA</span> <span class='ocrx_word' id='word_1_5' title='bbox 791 275 836 320; x_wconf 86' lang='lat' dir='ltr'><strong>K</strong></span> <span class='ocrx_word' id='word_1_6' title='bbox 853 278 893 319; x_wconf 89' lang='lat' dir='ltr'>A</span> <span class='ocrx_word' id='word_1_7' title='bbox 913 276 935 320; x_wconf 93' lang='lat' dir='ltr'>I</span> <span class='ocrx_word' id='word_1_8' title='bbox 955 276 994 320; x_wconf 89' lang='lat' dir='ltr'>C</span> <span class='ocrx_word' id='word_1_9' title='bbox 1015 278 1057 320; x_wconf 80' lang='lat' dir='ltr'><strong>A</strong></span> <span class='ocrx_word' id='word_1_10' title='bbox 1077 278 1112 321; x_wconf 90' lang='lat' dir='ltr'>P</span> <span class='ocrx_word' id='word_1_11' title='bbox 1129 278 1171 321; x_wconf 91' lang='lat' dir='ltr'>A</span> <span class='ocrx_word' id='word_1_12' title='bbox 1211 276 1389 323; x_wconf 81' lang='grc' dir='ltr'>ΘΕΟΥ</span> <span class='ocrx_word' id='word_1_13' title='bbox 1429 277 1781 326; x_wconf 81' lang='grc' dir='ltr'>ΑΔΡῙΑΝΟΥ</span> <span class='ocrx_word' id='word_1_14' title='bbox 1815 278 1882 326; x_wconf 83' lang='grc' dir='ltr'><em>ΥΙ</em></span> <span class='ocrx_word' id='word_1_15' title='bbox 1897 280 1996 327; x_wconf 86' lang='lat' dir='ltr'><em>ON</em></span> 
     </span>
     <span class='ocr_line' id='line_1_3' title="bbox 569 347 1685 414; baseline 0.005 -22"><span class='ocrx_word' id='word_1_16' title='bbox 569 347 783 394; x_wconf 72' lang='grc' dir='ltr'>ΘΕΟΥ</span> <span class='ocrx_word' id='word_1_17' title='bbox 841 350 1285 414; x_wconf 13' lang='grc' dir='ltr'>ΤΡΑΙΑᾸΝΟΥ</span> <span class='ocrx_word' id='word_1_18' title='bbox 1342 352 1424 398; x_wconf 74' lang='lat' dir='ltr'><em>TI</em></span> <span class='ocrx_word' id='word_1_19' title='bbox 1453 352 1685 399; x_wconf 77' lang='grc' dir='ltr'>ΩΝΟΝ</span> 
     </span>
     <span class='ocr_line' id='line_1_4' title="bbox 317 415 1934 478; baseline 0.008 -15"><span class='ocrx_word' id='word_1_20' title='bbox 317 422 372 464; x_wconf 88' lang='lat' dir='ltr'><em>T.</em></span> <span class='ocrx_word' id='word_1_21' title='bbox 413 421 754 470; x_wconf 80' lang='lat' dir='ltr'><strong>AIAION.</strong></span> <span class='ocrx_word' id='word_1_22' title='bbox 817 415 1316 475; x_wconf 75' lang='lat' dir='ltr'>AAPIANON</span> <span class='ocrx_word' id='word_1_23' title='bbox 1368 427 1934 478; x_wconf 85' lang='lat' dir='ltr'>ANTONINON</span> 
     </span>
    </p>

    <p class='ocr_par' dir='ltr' id='par_1_2' title="bbox 262 500 1999 1311">
     <span class='ocr_line' id='line_1_5' title="bbox 440 500 1584 551; baseline 0.004 -8"><span class='ocrx_word' id='word_1_24' title='bbox 440 502 444 507; x_wconf 82' lang='grc'>’</span> <span class='ocrx_word' id='word_1_25' title='bbox 659 500 1013 548; x_wconf 75' lang='lat' dir='ltr'>ETCEBH</span> <span class='ocrx_word' id='word_1_26' title='bbox 1092 504 1584 551; x_wconf 77' lang='lat' dir='ltr'>CEBACTON</span> 
     </span>
     <span class='ocr_line' id='line_1_6' title="bbox 262 571 1995 627; baseline 0.002 -4"><span class='ocrx_word' id='word_1_27' title='bbox 262 571 381 623; x_wconf 71' lang='grc' dir='ltr'><em>ΔΗ</em></span> <span class='ocrx_word' id='word_1_28' title='bbox 400 573 456 618; x_wconf 88' lang='grc' dir='ltr'>Μ</span> <span class='ocrx_word' id='word_1_29' title='bbox 477 573 571 619; x_wconf 90' lang='lat' dir='ltr'><em>AP</em></span> <span class='ocrx_word' id='word_1_30' title='bbox 589 573 634 620; x_wconf 94' lang='lat' dir='ltr'>X</span> <span class='ocrx_word' id='word_1_31' title='bbox 654 575 676 620; x_wconf 97' lang='lat' dir='ltr'>I</span> <span class='ocrx_word' id='word_1_32' title='bbox 696 577 738 622; x_wconf 91' lang='lat' dir='ltr'><strong>K</strong></span> <span class='ocrx_word' id='word_1_33' title='bbox 755 579 804 622; x_wconf 91' lang='lat' dir='ltr'><strong>H</strong></span> <span class='ocrx_word' id='word_1_34' title='bbox 823 580 864 625; x_wconf 92' lang='lat' dir='ltr'>C</span> <span class='ocrx_word' id='word_1_35' title='bbox 907 578 1276 625; x_wconf 67' lang='lat' dir='ltr'>EEOYCIAC.</span> <span class='ocrx_word' id='word_1_36' title='bbox 1317 580 1367 622; x_wconf 86' lang='lat' dir='ltr'><em>B.</em></span> <span class='ocrx_word' id='word_1_37' title='bbox 1411 577 1701 625; x_wconf 75' lang='lat' dir='ltr'>THATON</span> <span class='ocrx_word' id='word_1_38' title='bbox 1743 578 1995 627; x_wconf 85' lang='lat' dir='ltr'>TPITON</span> 
     </span>
     <span class='ocr_line' id='line_1_7' title="bbox 699 651 1542 699; baseline 0.002 -2"><span class='ocrx_word' id='word_1_39' title='bbox 699 651 1027 698; x_wconf 81' lang='lat' dir='ltr'>HATEPA</span> <span class='ocrx_word' id='word_1_40' title='bbox 1090 653 1542 699; x_wconf 71' lang='lat' dir='ltr'>HATPIAOC</span> 
     </span>
     <span class='ocr_line' id='line_1_8' title="bbox 264 724 1995 777; baseline 0.003 -7"><span class='ocrx_word' id='word_1_41' title='bbox 264 726 314 770; x_wconf 81' lang='lat' dir='ltr'><strong>H</strong></span> <span class='ocrx_word' id='word_1_42' title='bbox 351 724 631 773; x_wconf 78' lang='lat' dir='ltr'>BOTAH</span> <span class='ocrx_word' id='word_1_43' title='bbox 664 728 807 773; x_wconf 90' lang='grc' dir='ltr'><em>ΚΑΙ</em></span> <span class='ocrx_word' id='word_1_44' title='bbox 850 733 897 777; x_wconf 90' lang='lat' dir='ltr'>O</span> <span class='ocrx_word' id='word_1_45' title='bbox 932 730 1239 776; x_wconf 80' lang='lat' dir='ltr'>AHMOC</span> <span class='ocrx_word' id='word_1_46' title='bbox 1281 730 1451 775; x_wconf 86' lang='grc' dir='ltr'><em>ΤΩΝ</em></span> <span class='ocrx_word' id='word_1_47' title='bbox 1480 727 1995 776; x_wconf 71' lang='lat' dir='ltr'><strong>CAPAIANQN</strong></span> 
     </span>
     <span class='ocr_line' id='line_1_9' title="bbox 761 806 1515 852; baseline -0.001 -3"><span class='ocrx_word' id='word_1_48' title='bbox 761 806 1222 852; x_wconf 86' lang='lat' dir='ltr'>ETIMHCEN</span> <span class='ocrx_word' id='word_1_49' title='bbox 1278 806 1515 850; x_wconf 86' lang='grc' dir='ltr'><strong>Ι-ΙΡΩΑ</strong></span> 
     </span>
     <span class='ocr_line' id='line_1_10' title="bbox 577 878 1697 928; baseline -0.004 -4"><span class='ocrx_word' id='word_1_50' title='bbox 577 878 986 928; x_wconf 74' lang='lat' dir='ltr'>ETNOIAC</span> <span class='ocrx_word' id='word_1_51' title='bbox 1050 880 1343 927; x_wconf 86' lang='grc' dir='ltr'>ΑΥΤΟΥ</span> <span class='ocrx_word' id='word_1_52' title='bbox 1406 881 1697 925; x_wconf 84' lang='lat' dir='ltr'><strong>XAPIN.</strong></span> 
     </span>
     <span class='ocr_line' id='line_1_11' title="bbox 418 943 1996 1015; baseline 0.001 -21"><span class='ocrx_word' id='word_1_53' title='bbox 418 949 551 1009; x_wconf 80' lang='lat' dir='ltr'><em>Imp.</em></span> <span class='ocrx_word' id='word_1_54' title='bbox 589 943 715 1015; x_wconf 63' lang='lat' dir='ltr'><em>Cast</em></span> <span class='ocrx_word' id='word_1_55' title='bbox 753 950 896 998; x_wconf 77' lang='lat' dir='ltr'><em>Dz&#39;vz&#39;</em></span> <span class='ocrx_word' id='word_1_56' title='bbox 935 944 1217 997; x_wconf 74' lang='lat' dir='ltr'><em>Hadriani</em></span> <span class='ocrx_word' id='word_1_57' title='bbox 1258 953 1320 998; x_wconf 82' lang='lat' dir='ltr'><em>F.</em></span> <span class='ocrx_word' id='word_1_58' title='bbox 1359 950 1501 998; x_wconf 67' lang='lat' dir='ltr'><em>Divi</em></span> <span class='ocrx_word' id='word_1_59' title='bbox 1544 947 1769 1010; x_wconf 77' lang='lat' dir='ltr'><em>Trajani</em></span> <span class='ocrx_word' id='word_1_60' title='bbox 1812 950 1894 998; x_wconf 88' lang='lat' dir='ltr'><em>N.</em></span> <span class='ocrx_word' id='word_1_61' title='bbox 1928 954 1996 1000; x_wconf 87' lang='lat' dir='ltr'><em>T.</em></span> 
     </span>
     <span class='ocr_line' id='line_1_12' title="bbox 420 1016 1999 1092; baseline 0.001 -23"><span class='ocrx_word' id='word_1_62' title='bbox 420 1016 619 1069; x_wconf 77' lang='lat' dir='ltr'><em>AElz&#39;um</em></span> <span class='ocrx_word' id='word_1_63' title='bbox 649 1020 983 1073; x_wconf 72' lang='lat' dir='ltr'><em>Hadrianum</em></span> <span class='ocrx_word' id='word_1_64' title='bbox 1013 1023 1324 1071; x_wconf 80' lang='lat' dir='ltr'><em>Antoninum</em></span> <span class='ocrx_word' id='word_1_65' title='bbox 1353 1027 1507 1076; x_wconf 72' lang='lat' dir='ltr'><em>Pium</em></span> <span class='ocrx_word' id='word_1_66' title='bbox 1526 1021 1797 1092; x_wconf 72' lang='lat' dir='ltr'><em>Angustum</em></span> <span class='ocrx_word' id='word_1_67' title='bbox 1818 1061 1832 1082; x_wconf 86' lang='lat'>‚</span> <span class='ocrx_word' id='word_1_68' title='bbox 1855 1022 1999 1073; x_wconf 72' lang='lat' dir='ltr'><em>Trib,</em></span> 
     </span>
     <span class='ocr_line' id='line_1_13' title="bbox 421 1095 1997 1168; baseline 0 -22"><span class='ocrx_word' id='word_1_69' title='bbox 421 1099 541 1146; x_wconf 78' lang='lat' dir='ltr'><em>Pot.</em></span> <span class='ocrx_word' id='word_1_70' title='bbox 573 1100 671 1147; x_wconf 88' lang='lat' dir='ltr'><em>II.</em></span> <span class='ocrx_word' id='word_1_71' title='bbox 720 1095 833 1168; x_wconf 71' lang='lat' dir='ltr'><em>Coſs</em></span> <span class='ocrx_word' id='word_1_72' title='bbox 872 1106 906 1150; x_wconf 89' lang='lat' dir='ltr'><em>I</em></span> <span class='ocrx_word' id='word_1_73' title='bbox 925 1102 1030 1149; x_wconf 90' lang='lat' dir='ltr'><em>II.</em></span> <span class='ocrx_word' id='word_1_74' title='bbox 1068 1101 1279 1149; x_wconf 83' lang='lat' dir='ltr'><em>Patrem</em></span> <span class='ocrx_word' id='word_1_75' title='bbox 1321 1102 1521 1151; x_wconf 74' lang='lat' dir='ltr'><em>Patria</em></span> <span class='ocrx_word' id='word_1_76' title='bbox 1542 1136 1558 1155; x_wconf 83' lang='lat'><strong><em>,</em></strong></span> <span class='ocrx_word' id='word_1_77' title='bbox 1588 1101 1798 1148; x_wconf 78' lang='lat' dir='ltr'><em>Senatus</em></span> <span class='ocrx_word' id='word_1_78' title='bbox 1828 1103 1997 1163; x_wconf 74' lang='lat' dir='ltr'><em>Popu-</em></span> 
     </span>
     <span class='ocr_line' id='line_1_14' title="bbox 420 1166 1999 1241; baseline 0.004 -24"><span class='ocrx_word' id='word_1_79' title='bbox 420 1166 589 1240; x_wconf 70' lang='lat' dir='ltr'><em>lusque</em></span> <span class='ocrx_word' id='word_1_80' title='bbox 616 1172 1002 1234; x_wconf 76' lang='lat' dir='ltr'><em>Sardianorum,</em></span> <span class='ocrx_word' id='word_1_81' title='bbox 1031 1179 1102 1226; x_wconf 83' lang='grc' dir='ltr'><em>Η</em></span> <span class='ocrx_word' id='word_1_82' title='bbox 1108 1180 1259 1224; x_wconf 60' lang='grc' dir='ltr'><em>ενοέφη</em></span> <span class='ocrx_word' id='word_1_83' title='bbox 1293 1171 1439 1223; x_wconf 80' lang='lat' dir='ltr'><em>coluit</em></span> <span class='ocrx_word' id='word_1_84' title='bbox 1457 1216 1472 1241; x_wconf 81' lang='lat'>,</span> <span class='ocrx_word' id='word_1_85' title='bbox 1509 1169 1563 1221; x_wconf 82' lang='lat' dir='ltr'><em>ob</em></span> <span class='ocrx_word' id='word_1_86' title='bbox 1591 1170 1762 1237; x_wconf 83' lang='lat' dir='ltr'><em>ampla</em></span> <span class='ocrx_word' id='word_1_87' title='bbox 1790 1175 1886 1238; x_wconf 82' lang='lat' dir='ltr'><em>ejus</em></span> <span class='ocrx_word' id='word_1_88' title='bbox 1918 1169 1999 1223; x_wconf 75' lang='lat' dir='ltr'><em>be-</em></span> 
     </span>
     <span class='ocr_line' id='line_1_15' title="bbox 418 1243 605 1311; baseline 0.011 -17"><span class='ocrx_word' id='word_1_89' title='bbox 418 1243 605 1311; x_wconf 77' lang='lat' dir='ltr'><em>neficia.</em></span> 
     </span>
    </p>

    <p class='ocr_par' dir='ltr' id='par_1_3' title="bbox 345 1327 2005 1694">
     <span class='ocr_line' id='line_1_16' title="bbox 345 1327 2005 1381; baseline -0.001 -10"><span class='ocrx_word' id='word_1_90' title='bbox 345 1327 729 1378; x_wconf 72' lang='lat' dir='ltr'><strong>IOYAIAN.</strong></span> <span class='ocrx_word' id='word_1_91' title='bbox 778 1334 1011 1379; x_wconf 84' lang='lat' dir='ltr'><strong>NEAN.</strong></span> <span class='ocrx_word' id='word_1_92' title='bbox 1055 1333 1625 1381; x_wconf 74' lang='lat' dir='ltr'><strong>PEPMANIKOT.</strong></span> <span class='ocrx_word' id='word_1_93' title='bbox 1659 1329 2005 1379; x_wconf 71' lang='lat' dir='ltr'><em>MTT1.lu.</em></span> 
     </span>
     <span class='ocr_line' id='line_1_17' title="bbox 420 1393 2002 1470; baseline 0.002 -24"><span class='ocrx_word' id='word_1_94' title='bbox 420 1393 549 1446; x_wconf 81' lang='lat' dir='ltr'><em>liam</em></span> <span class='ocrx_word' id='word_1_95' title='bbox 577 1403 800 1451; x_wconf 86' lang='lat' dir='ltr'><em>Novam</em></span> <span class='ocrx_word' id='word_1_96' title='bbox 840 1405 1151 1460; x_wconf 78' lang='lat' dir='ltr'><em>Germanici,</em></span> <span class='ocrx_word' id='word_1_97' title='bbox 1182 1396 1470 1470; x_wconf 62' lang='lat' dir='ltr'><em>Mitylenaei</em></span> <span class='ocrx_word' id='word_1_98' title='bbox 1486 1399 1680 1450; x_wconf 77' lang='lat' dir='ltr'><em>colunt.</em></span> <span class='ocrx_word' id='word_1_99' title='bbox 1711 1401 1748 1464; x_wconf 82' lang='lat' dir='ltr'>E</span> <span class='ocrx_word' id='word_1_100' title='bbox 1777 1398 2002 1451; x_wconf 80' lang='lat' dir='ltr'><em>Cimelio</em></span> 
     </span>
     <span class='ocr_line' id='line_1_18' title="bbox 423 1466 1997 1546; baseline -0.003 -19"><span class='ocrx_word' id='word_1_101' title='bbox 423 1472 617 1543; x_wconf 78' lang='lat' dir='ltr'><em>Regio,</em></span> <span class='ocrx_word' id='word_1_102' title='bbox 670 1472 975 1525; x_wconf 79' lang='lat' dir='ltr'><em>Germanici</em></span> <span class='ocrx_word' id='word_1_103' title='bbox 1015 1473 1173 1524; x_wconf 86' lang='lat' dir='ltr'><em>filiam</em></span> <span class='ocrx_word' id='word_1_104' title='bbox 1210 1466 1407 1528; x_wconf 82' lang='lat' dir='ltr'><em>Iuliam</em></span> <span class='ocrx_word' id='word_1_105' title='bbox 1451 1480 1667 1528; x_wconf 86' lang='lat' dir='ltr'><em>Novam</em></span> <span class='ocrx_word' id='word_1_106' title='bbox 1699 1472 1997 1546; x_wconf 76' lang='lat' dir='ltr'>appellant,</span> 
     </span>
     <span class='ocr_line' id='line_1_19' title="bbox 425 1545 1999 1622; baseline 0.001 -26"><span class='ocrx_word' id='word_1_107' title='bbox 425 1545 573 1618; x_wconf 82' lang='lat' dir='ltr'>quod</span> <span class='ocrx_word' id='word_1_108' title='bbox 602 1546 793 1621; x_wconf 84' lang='lat' dir='ltr'><em>Juliam</em></span> <span class='ocrx_word' id='word_1_109' title='bbox 837 1548 1058 1618; x_wconf 78' lang='lat' dir='ltr'>Augusti</span> <span class='ocrx_word' id='word_1_110' title='bbox 1108 1550 1388 1622; x_wconf 80' lang='lat' dir='ltr'><em>conjugem</em></span> <span class='ocrx_word' id='word_1_111' title='bbox 1420 1566 1480 1600; x_wconf 83' lang='lat' dir='ltr'><em>ac</em></span> <span class='ocrx_word' id='word_1_112' title='bbox 1514 1549 1718 1601; x_wconf 76' lang='lat' dir='ltr'><em>Tiberii</em></span> <span class='ocrx_word' id='word_1_113' title='bbox 1753 1563 1999 1615; x_wconf 78' lang='lat' dir='ltr'><em>matrem,</em></span> 
     </span>
     <span class='ocr_line' id='line_1_20' title="bbox 422 1620 1999 1694; baseline 0.002 -23"><span class='ocrx_word' id='word_1_114' title='bbox 422 1620 509 1672; x_wconf 78' lang='lat' dir='ltr'><em>vel</em></span> <span class='ocrx_word' id='word_1_115' title='bbox 536 1625 788 1674; x_wconf 88' lang='lat' dir='ltr'><em>virtutum</em></span> <span class='ocrx_word' id='word_1_116' title='bbox 817 1622 1062 1689; x_wconf 80' lang='lat' dir='ltr'><em>dotibus,</em></span> <span class='ocrx_word' id='word_1_117' title='bbox 1102 1623 1184 1674; x_wconf 79' lang='lat' dir='ltr'><em>vel</em></span> <span class='ocrx_word' id='word_1_118' title='bbox 1214 1626 1408 1675; x_wconf 83' lang='lat' dir='ltr'><em>meritis</em></span> <span class='ocrx_word' id='word_1_119' title='bbox 1436 1625 1489 1674; x_wconf 89' lang='lat' dir='ltr'><em>in</em></span> <span class='ocrx_word' id='word_1_120' title='bbox 1516 1622 1886 1694; x_wconf 79' lang='lat' dir='ltr'><em>Mytilenaeos‚</em></span> <span class='ocrx_word' id='word_1_121' title='bbox 1921 1640 1999 1674; x_wconf 75' lang='lat' dir='ltr'><em>re-</em></span> 
     </span>
    </p>

    <p class='ocr_par' dir='ltr' id='par_1_4' title="bbox 395 1695 2004 3122">
     <span class='ocr_line' id='line_1_21' title="bbox 395 1695 1999 1768; baseline 0.005 -21"><span class='ocrx_word' id='word_1_122' title='bbox 395 1695 797 1768; x_wconf 54' lang='lat' dir='ltr'><em>‘praesentaretz</em></span> <span class='ocrx_word' id='word_1_123' title='bbox 842 1700 916 1750; x_wconf 88' lang='lat' dir='ltr'><em>uti</em></span> <span class='ocrx_word' id='word_1_124' title='bbox 951 1710 993 1755; x_wconf 91' lang='lat' dir='ltr'>K</span> <span class='ocrx_word' id='word_1_125' title='bbox 1008 1709 1054 1755; x_wconf 87' lang='lat' dir='ltr'><strong>A</strong></span> <span class='ocrx_word' id='word_1_126' title='bbox 1072 1711 1106 1755; x_wconf 86' lang='lat' dir='ltr'>E</span> <span class='ocrx_word' id='word_1_127' title='bbox 1122 1711 1168 1756; x_wconf 91' lang='lat' dir='ltr'>O</span> <span class='ocrx_word' id='word_1_128' title='bbox 1184 1709 1234 1755; x_wconf 89' lang='grc' dir='ltr'>Π</span> <span class='ocrx_word' id='word_1_129' title='bbox 1250 1712 1294 1755; x_wconf 91' lang='lat' dir='ltr'>A</span> <span class='ocrx_word' id='word_1_130' title='bbox 1311 1711 1400 1754; x_wconf 88' lang='lat' dir='ltr'><em>TP</em></span> <span class='ocrx_word' id='word_1_131' title='bbox 1419 1711 1460 1754; x_wconf 87' lang='lat' dir='ltr'><strong>A</strong></span> <span class='ocrx_word' id='word_1_132' title='bbox 1496 1709 1540 1753; x_wconf 89' lang='grc' dir='ltr'>Θ</span> <span class='ocrx_word' id='word_1_133' title='bbox 1555 1711 1592 1756; x_wconf 88' lang='lat' dir='ltr'>E</span> <span class='ocrx_word' id='word_1_134' title='bbox 1608 1711 1650 1754; x_wconf 87' lang='lat' dir='ltr'>A</span> <span class='ocrx_word' id='word_1_135' title='bbox 1686 1709 1999 1755; x_wconf 82' lang='grc' dir='ltr'><strong>ΝΕΩΤΕΡΑ</strong></span> 
     </span>
     <span class='ocr_line' id='line_1_22' title="bbox 423 1773 2004 1847; baseline 0.001 -24"><span class='ocrx_word' id='word_1_136' title='bbox 423 1773 477 1823; x_wconf 84' lang='lat' dir='ltr'><em>in</em></span> <span class='ocrx_word' id='word_1_137' title='bbox 510 1774 732 1824; x_wconf 83' lang='lat' dir='ltr'><em>nummis</em></span> <span class='ocrx_word' id='word_1_138' title='bbox 776 1788 996 1826; x_wconf 77' lang='lat' dir='ltr'>vocatur</span> <span class='ocrx_word' id='word_1_139' title='bbox 1034 1799 1044 1827; x_wconf 75' lang='grc' dir='ltr'>ε</span> <span class='ocrx_word' id='word_1_140' title='bbox 1090 1790 1253 1846; x_wconf 82' lang='lat' dir='ltr'>atque</span> <span class='ocrx_word' id='word_1_141' title='bbox 1286 1792 1388 1826; x_wconf 82' lang='lat' dir='ltr'><em>una</em></span> <span class='ocrx_word' id='word_1_142' title='bbox 1423 1791 1583 1847; x_wconf 81' lang='lat' dir='ltr'>opera</span> <span class='ocrx_word' id='word_1_143' title='bbox 1612 1775 1756 1844; x_wconf 88' lang='lat' dir='ltr'>quod</span> <span class='ocrx_word' id='word_1_144' title='bbox 1783 1776 1923 1846; x_wconf 83' lang='lat' dir='ltr'>apud</span> <span class='ocrx_word' id='word_1_145' title='bbox 1951 1773 2004 1826; x_wconf 79' lang='lat' dir='ltr'><em>se:</em></span> 
     </span>
     <span class='ocr_line' id='line_1_23' title="bbox 421 1845 2000 1922; baseline 0 -26"><span class='ocrx_word' id='word_1_146' title='bbox 421 1860 543 1904; x_wconf 79' lang='lat' dir='ltr'><em>nata</em></span> <span class='ocrx_word' id='word_1_147' title='bbox 570 1845 720 1915; x_wconf 76' lang='lat' dir='ltr'>effer,</span> <span class='ocrx_word' id='word_1_148' title='bbox 751 1847 959 1916; x_wconf 74' lang='lat' dir='ltr'><em>Lesbii,</em></span> <span class='ocrx_word' id='word_1_149' title='bbox 988 1851 1039 1900; x_wconf 88' lang='lat' dir='ltr'><em>in</em></span> <span class='ocrx_word' id='word_1_150' title='bbox 1075 1848 1356 1922; x_wconf 83' lang='lat' dir='ltr'><em>primisque</em></span> <span class='ocrx_word' id='word_1_151' title='bbox 1384 1849 1706 1921; x_wconf 72' lang='lat' dir='ltr'><em>Mitylenaei,</em></span> <span class='ocrx_word' id='word_1_152' title='bbox 1736 1848 2000 1921; x_wconf 68' lang='lat' dir='ltr'>gratulan-</span> 
     </span>
     <span class='ocr_line' id='line_1_24' title="bbox 426 1922 2002 1991; baseline 0.001 -20"><span class='ocrx_word' id='word_1_153' title='bbox 426 1933 525 1973; x_wconf 82' lang='lat' dir='ltr'><strong>tur.</strong></span> <span class='ocrx_word' id='word_1_154' title='bbox 558 1923 806 1991; x_wconf 81' lang='lat' dir='ltr'>Tacitus,</span> <span class='ocrx_word' id='word_1_155' title='bbox 836 1922 925 1977; x_wconf 89' lang='lat' dir='ltr'><em>lib.</em></span> <span class='ocrx_word' id='word_1_156' title='bbox 968 1944 985 1976; x_wconf 94' lang='lat'>1</span> <span class='ocrx_word' id='word_1_157' title='bbox 1013 1944 1051 1979; x_wconf 89' lang='lat'><em>1.</em></span> <span class='ocrx_word' id='word_1_158' title='bbox 1093 1922 1283 1977; x_wconf 79' lang='lat' dir='ltr'><em>Annal.</em></span> <span class='ocrx_word' id='word_1_159' title='bbox 1328 1923 1393 1977; x_wconf 86' lang='lat' dir='ltr'><em>de</em></span> <span class='ocrx_word' id='word_1_160' title='bbox 1426 1925 1746 1978; x_wconf 75' lang='lat' dir='ltr'><em>Germanico</em></span> <span class='ocrx_word' id='word_1_161' title='bbox 1782 1948 1792 1976; x_wconf 78' lang='grc' dir='ltr'><strong><em>ε</em></strong></span> <span class='ocrx_word' id='word_1_162' title='bbox 1823 1929 2002 1977; x_wconf 77' lang='lat' dir='ltr'><em>Petita</em></span> 
     </span>
     <span class='ocr_line' id='line_1_25' title="bbox 425 1996 1997 2073; baseline 0.002 -28"><span class='ocrx_word' id='word_1_163' title='bbox 425 1996 539 2046; x_wconf 74' lang='lat' dir='ltr'><em>inde</em></span> <span class='ocrx_word' id='word_1_164' title='bbox 562 1996 745 2049; x_wconf 75' lang='lat' dir='ltr'><em>Euboea</em></span> <span class='ocrx_word' id='word_1_165' title='bbox 773 2039 788 2060; x_wconf 85' lang='lat'><strong><em>,</em></strong></span> <span class='ocrx_word' id='word_1_166' title='bbox 820 1998 1084 2071; x_wconf 77' lang='lat' dir='ltr'><em>transmzfi&#39;t</em></span> <span class='ocrx_word' id='word_1_167' title='bbox 1109 1997 1319 2055; x_wconf 82' lang='lat' dir='ltr'><em>Lesbum</em></span> <span class='ocrx_word' id='word_1_168' title='bbox 1337 2040 1352 2062; x_wconf 84' lang='grc'>,</span> <span class='ocrx_word' id='word_1_169' title='bbox 1379 1998 1463 2051; x_wconf 78' lang='lat' dir='ltr'><em>ubi</em></span> <span class='ocrx_word' id='word_1_170' title='bbox 1486 2003 1775 2073; x_wconf 71' lang='lat' dir='ltr'><em>Agrippina</em></span> <span class='ocrx_word' id='word_1_171' title='bbox 1806 1998 1997 2057; x_wconf 77' lang='lat' dir='ltr'><em>nowffi.</em></span> 
     </span>
     <span class='ocr_line' id='line_1_26' title="bbox 426 2074 2004 2142; baseline 0.004 -21"><span class='ocrx_word' id='word_1_172' title='bbox 426 2090 502 2121; x_wconf 87' lang='lat' dir='ltr'><em>mo</em></span> <span class='ocrx_word' id='word_1_173' title='bbox 519 2085 674 2139; x_wconf 79' lang='lat' dir='ltr'><em>partu</em></span> <span class='ocrx_word' id='word_1_174' title='bbox 705 2075 898 2128; x_wconf 75' lang='lat' dir='ltr'><em>Iuliam</em></span> <span class='ocrx_word' id='word_1_175' title='bbox 935 2075 1100 2129; x_wconf 66' lang='lat' dir='ltr'><em>edidit.</em></span> <span class='ocrx_word' id='word_1_176' title='bbox 1130 2074 1236 2127; x_wconf 90' lang='lat' dir='ltr'><em>Alii</em></span> <span class='ocrx_word' id='word_1_177' title='bbox 1263 2074 1401 2127; x_wconf 87' lang='lat' dir='ltr'><em>hanc</em></span> <span class='ocrx_word' id='word_1_178' title='bbox 1426 2076 1670 2128; x_wconf 72' lang='lat' dir='ltr'><em>Livillam-</em></span> <span class='ocrx_word' id='word_1_179' title='bbox 1704 2090 2004 2142; x_wconf 82' lang='lat' dir='ltr'><em>vocant,nt</em></span> 
     </span>
     <span class='ocr_line' id='line_1_27' title="bbox 428 2149 1999 2223; baseline 0 -23"><span class='ocrx_word' id='word_1_180' title='bbox 428 2149 706 2200; x_wconf 77' lang='lat' dir='ltr'>Suetonius</span> <span class='ocrx_word' id='word_1_181' title='bbox 738 2153 789 2201; x_wconf 88' lang='lat' dir='ltr'><em>in</em></span> <span class='ocrx_word' id='word_1_182' title='bbox 820 2151 990 2217; x_wconf 62' lang='lat' dir='ltr'><em>Cain,</em></span> <span class='ocrx_word' id='word_1_183' title='bbox 1029 2166 1142 2223; x_wconf 84' lang='lat' dir='ltr'>cap.</span> <span class='ocrx_word' id='word_1_184' title='bbox 1184 2169 1216 2202; x_wconf 92' lang='lat' dir='ltr'>v</span> <span class='ocrx_word' id='word_1_185' title='bbox 1240 2173 1252 2205; x_wconf 86' lang='lat'>1</span> <span class='ocrx_word' id='word_1_186' title='bbox 1279 2172 1314 2204; x_wconf 81' lang='lat'><em>1.</em></span> <span class='ocrx_word' id='word_1_187' title='bbox 1351 2149 1494 2222; x_wconf 76' lang='lat' dir='ltr'>quafi</span> <span class='ocrx_word' id='word_1_188' title='bbox 1539 2151 1738 2202; x_wconf 69' lang='lat' dir='ltr'><em>Liviam</em></span> <span class='ocrx_word' id='word_1_189' title='bbox 1776 2167 1999 2217; x_wconf 72' lang='lat' dir='ltr'><em>novam,</em></span> 
     </span>
     <span class='ocr_line' id='line_1_28' title="bbox 427 2219 2002 2298; baseline 0.003 -26"><span class='ocrx_word' id='word_1_190' title='bbox 427 2219 512 2273; x_wconf 81' lang='lat' dir='ltr'><em>seu</em></span> <span class='ocrx_word' id='word_1_191' title='bbox 554 2226 813 2277; x_wconf 83' lang='lat' dir='ltr'><em>minorem</em></span> <span class='ocrx_word' id='word_1_192' title='bbox 854 2227 1055 2279; x_wconf 82' lang='lat' dir='ltr'><em>Liviam</em></span> <span class='ocrx_word' id='word_1_193' title='bbox 1079 2250 1090 2279; x_wconf 74' lang='grc' dir='ltr'>ε</span> <span class='ocrx_word' id='word_1_194' title='bbox 1132 2242 1252 2276; x_wconf 82' lang='lat' dir='ltr'><em>nam</em></span> <span class='ocrx_word' id='word_1_195' title='bbox 1285 2230 1338 2278; x_wconf 82' lang='lat'>&amp;</span> <span class='ocrx_word' id='word_1_196' title='bbox 1370 2224 1591 2298; x_wconf 78' lang='lat' dir='ltr'><em>Augusti</em></span> <span class='ocrx_word' id='word_1_197' title='bbox 1636 2224 1848 2298; x_wconf 77' lang='lat' dir='ltr'><em>conjugi</em></span> <span class='ocrx_word' id='word_1_198' title='bbox 1892 2243 2002 2276; x_wconf 88' lang='lat' dir='ltr'><em>non</em></span> 
     </span>
     <span class='ocr_line' id='line_1_29' title="bbox 419 2295 2002 2372; baseline 0.003 -25"><span class='ocrx_word' id='word_1_199' title='bbox 419 2295 562 2370; x_wconf 79' lang='lat' dir='ltr'>Juliae</span> <span class='ocrx_word' id='word_1_200' title='bbox 590 2297 787 2366; x_wconf 81' lang='lat' dir='ltr'>modo,</span> <span class='ocrx_word' id='word_1_201' title='bbox 818 2299 905 2352; x_wconf 82' lang='lat' dir='ltr'><em>sed</em></span> <span class='ocrx_word' id='word_1_202' title='bbox 948 2306 999 2353; x_wconf 86' lang='lat'>&amp;</span> <span class='ocrx_word' id='word_1_203' title='bbox 1042 2303 1182 2372; x_wconf 83' lang='lat' dir='ltr'><em>prius</em></span> <span class='ocrx_word' id='word_1_204' title='bbox 1205 2302 1363 2355; x_wconf 80' lang='lat' dir='ltr'><em>Liviae</em></span> <span class='ocrx_word' id='word_1_205' title='bbox 1396 2317 1592 2351; x_wconf 80' lang='lat' dir='ltr'><em>nomen</em></span> <span class='ocrx_word' id='word_1_206' title='bbox 1625 2298 1739 2351; x_wconf 88' lang='lat' dir='ltr'><strong>fuit.</strong></span> <span class='ocrx_word' id='word_1_207' title='bbox 1775 2303 1924 2352; x_wconf 80' lang='lat' dir='ltr'>Stant</span> <span class='ocrx_word' id='word_1_208' title='bbox 1950 2302 2002 2351; x_wconf 87' lang='lat' dir='ltr'><em>in</em></span> 
     </span>
     <span class='ocr_line' id='line_1_30' title="bbox 427 2372 1999 2440; baseline 0.004 -19"><span class='ocrx_word' id='word_1_209' title='bbox 427 2389 647 2421; x_wconf 81' lang='lat' dir='ltr'><em>nummo</em></span> <span class='ocrx_word' id='word_1_210' title='bbox 675 2374 883 2427; x_wconf 85' lang='lat' dir='ltr'><em>Cimelii</em></span> <span class='ocrx_word' id='word_1_211' title='bbox 899 2374 1061 2426; x_wconf 86' lang='lat' dir='ltr'><em>nostri</em></span> <span class='ocrx_word' id='word_1_212' title='bbox 1076 2388 1180 2425; x_wconf 83' lang='lat' dir='ltr'>tres</span> <span class='ocrx_word' id='word_1_213' title='bbox 1198 2372 1395 2427; x_wconf 84' lang='lat' dir='ltr'>sorores</span> <span class='ocrx_word' id='word_1_214' title='bbox 1417 2418 1431 2440; x_wconf 82' lang='lat'>,</span> <span class='ocrx_word' id='word_1_215' title='bbox 1461 2377 1506 2427; x_wconf 87' lang='lat' dir='ltr'>A</span> <span class='ocrx_word' id='word_1_216' title='bbox 1525 2375 1577 2427; x_wconf 88' lang='lat' dir='ltr'>G</span> <span class='ocrx_word' id='word_1_217' title='bbox 1599 2378 1644 2427; x_wconf 83' lang='lat' dir='ltr'>R</span> <span class='ocrx_word' id='word_1_218' title='bbox 1663 2376 1683 2426; x_wconf 86' lang='grc' dir='ltr'><strong>Ι</strong></span> <span class='ocrx_word' id='word_1_219' title='bbox 1699 2375 1736 2425; x_wconf 89' lang='lat' dir='ltr'>P</span> <span class='ocrx_word' id='word_1_220' title='bbox 1758 2376 1831 2426; x_wconf 83' lang='lat' dir='ltr'><em>Pl</em></span> <span class='ocrx_word' id='word_1_221' title='bbox 1855 2377 1911 2427; x_wconf 89' lang='lat' dir='ltr'>N</span> <span class='ocrx_word' id='word_1_222' title='bbox 1936 2378 1999 2428; x_wconf 89' lang='lat' dir='ltr'><em>A.</em></span> 
     </span>
     <span class='ocr_line' id='line_1_31' title="bbox 426 2447 2003 2522; baseline 0 -22"><span class='ocrx_word' id='word_1_223' title='bbox 426 2447 483 2500; x_wconf 93' lang='lat' dir='ltr'>D</span> <span class='ocrx_word' id='word_1_224' title='bbox 506 2448 618 2499; x_wconf 86' lang='lat' dir='ltr'><em>RV</em></span> <span class='ocrx_word' id='word_1_225' title='bbox 638 2450 667 2500; x_wconf 91' lang='lat' dir='ltr'>S</span> <span class='ocrx_word' id='word_1_226' title='bbox 687 2449 707 2500; x_wconf 96' lang='lat' dir='ltr'>I</span> <span class='ocrx_word' id='word_1_227' title='bbox 725 2448 767 2501; x_wconf 90' lang='lat' dir='ltr'>L</span> <span class='ocrx_word' id='word_1_228' title='bbox 788 2452 828 2504; x_wconf 93' lang='lat' dir='ltr'>L</span> <span class='ocrx_word' id='word_1_229' title='bbox 850 2451 891 2500; x_wconf 88' lang='lat' dir='ltr'><strong>A</strong></span> <span class='ocrx_word' id='word_1_230' title='bbox 917 2491 932 2515; x_wconf 83' lang='lat'>,</span> <span class='ocrx_word' id='word_1_231' title='bbox 971 2450 1064 2501; x_wconf 94' lang='lat' dir='ltr'><em>IV</em></span> <span class='ocrx_word' id='word_1_232' title='bbox 1085 2449 1166 2500; x_wconf 88' lang='lat' dir='ltr'><em>LI</em></span> <span class='ocrx_word' id='word_1_233' title='bbox 1190 2449 1262 2501; x_wconf 70' lang='grc' dir='ltr'><em>Α.Α</em></span> <span class='ocrx_word' id='word_1_234' title='bbox 1300 2450 1398 2500; x_wconf 80' lang='lat' dir='ltr'><em>Sed</em></span> <span class='ocrx_word' id='word_1_235' title='bbox 1443 2454 1494 2502; x_wconf 85' lang='lat'>&amp;</span> <span class='ocrx_word' id='word_1_236' title='bbox 1520 2448 1707 2520; x_wconf 73' lang='lat' dir='ltr'><em>Julian]</em></span> <span class='ocrx_word' id='word_1_237' title='bbox 1745 2448 2003 2522; x_wconf 79' lang='lat' dir='ltr'>Josephus</span> 
     </span>
     <span class='ocr_line' id='line_1_32' title="bbox 425 2519 2004 2595; baseline 0.003 -24"><span class='ocrx_word' id='word_1_238' title='bbox 425 2519 691 2594; x_wconf 76' lang='lat' dir='ltr'>appellat,</span> <span class='ocrx_word' id='word_1_239' title='bbox 722 2520 810 2576; x_wconf 85' lang='lat' dir='ltr'><em>lib.</em></span> <span class='ocrx_word' id='word_1_240' title='bbox 837 2541 871 2574; x_wconf 76' lang='lat' dir='ltr'>x</span> <span class='ocrx_word' id='word_1_241' title='bbox 892 2541 976 2578; x_wconf 84' lang='lat' dir='ltr'><em>IX.</em></span> <span class='ocrx_word' id='word_1_242' title='bbox 1010 2524 1199 2593; x_wconf 90' lang='lat' dir='ltr'><em>Antiq.</em></span> <span class='ocrx_word' id='word_1_243' title='bbox 1228 2539 1340 2595; x_wconf 81' lang='lat' dir='ltr'>cap.</span> <span class='ocrx_word' id='word_1_244' title='bbox 1376 2543 1487 2577; x_wconf 80' lang='lat'>111.</span> <span class='ocrx_word' id='word_1_245' title='bbox 1521 2523 1845 2575; x_wconf 73' lang='lat' dir='ltr'><em>Germanico</em></span> <span class='ocrx_word' id='word_1_246' title='bbox 1875 2541 2004 2575; x_wconf 83' lang='lat' dir='ltr'><em>con-</em></span> 
     </span>
     <span class='ocr_line' id='line_1_33' title="bbox 417 2595 2002 2671; baseline 0.003 -25"><span class='ocrx_word' id='word_1_247' title='bbox 417 2595 512 2668; x_wconf 82' lang='lat' dir='ltr'><em>jux</em></span> <span class='ocrx_word' id='word_1_248' title='bbox 539 2597 826 2670; x_wconf 83' lang='lat' dir='ltr'><em>Agrippina</em></span> <span class='ocrx_word' id='word_1_249' title='bbox 858 2598 1031 2671; x_wconf 80' lang='lat' dir='ltr'><em>neptis</em></span> <span class='ocrx_word' id='word_1_250' title='bbox 1057 2597 1277 2668; x_wconf 82' lang='lat' dir='ltr'>Augusti</span> <span class='ocrx_word' id='word_1_251' title='bbox 1303 2595 1431 2664; x_wconf 81' lang='lat' dir='ltr'>fuit,</span> <span class='ocrx_word' id='word_1_252' title='bbox 1465 2596 1724 2671; x_wconf 70' lang='lat' dir='ltr'><em>ipseJiih‘ae</em></span> <span class='ocrx_word' id='word_1_253' title='bbox 1753 2598 2002 2671; x_wconf 72' lang='lat' dir='ltr'>Augustae</span> 
     </span>
     <span class='ocr_line' id='line_1_34' title="bbox 427 2670 2000 2745; baseline 0.003 -24"><span class='ocrx_word' id='word_1_254' title='bbox 427 2687 594 2744; x_wconf 85' lang='lat' dir='ltr'><em>nepos</em></span> <span class='ocrx_word' id='word_1_255' title='bbox 619 2713 634 2737; x_wconf 82' lang='lat'>‚</span> <span class='ocrx_word' id='word_1_256' title='bbox 681 2671 857 2726; x_wconf 76' lang='lat' dir='ltr'>Druso</span> <span class='ocrx_word' id='word_1_257' title='bbox 899 2670 1060 2724; x_wconf 79' lang='lat' dir='ltr'>fratre</span> <span class='ocrx_word' id='word_1_258' title='bbox 1089 2670 1290 2724; x_wconf 80' lang='lat' dir='ltr'><em>Tiberii</em></span> <span class='ocrx_word' id='word_1_259' title='bbox 1323 2674 1524 2745; x_wconf 81' lang='lat' dir='ltr'><em>genitus</em></span> <span class='ocrx_word' id='word_1_260' title='bbox 1558 2697 1568 2725; x_wconf 86' lang='grc'>;</span> <span class='ocrx_word' id='word_1_261' title='bbox 1602 2689 1664 2723; x_wconf 77' lang='lat' dir='ltr'><em>ex</em></span> <span class='ocrx_word' id='word_1_262' title='bbox 1705 2674 2000 2745; x_wconf 79' lang='lat' dir='ltr'><em>Agrippina</em></span> 
     </span>
     <span class='ocr_line' id='line_1_35' title="bbox 416 2745 2000 2820; baseline 0.002 -24"><span class='ocrx_word' id='word_1_263' title='bbox 416 2745 609 2819; x_wconf 84' lang='lat' dir='ltr'><em>Juliam</em></span> <span class='ocrx_word' id='word_1_264' title='bbox 641 2745 777 2798; x_wconf 75' lang='lat' dir='ltr'><em>hanc</em></span> <span class='ocrx_word' id='word_1_265' title='bbox 810 2765 1034 2815; x_wconf 78' lang='lat' dir='ltr'><em>novam,</em></span> <span class='ocrx_word' id='word_1_266' title='bbox 1068 2745 1354 2801; x_wconf 74' lang='lat' dir='ltr'><em>Drusillam</em></span> <span class='ocrx_word' id='word_1_267' title='bbox 1381 2746 1610 2798; x_wconf 78' lang='lat' dir='ltr'>sororem</span> <span class='ocrx_word' id='word_1_268' title='bbox 1633 2789 1646 2812; x_wconf 81' lang='lat'>,</span> <span class='ocrx_word' id='word_1_269' title='bbox 1677 2747 2000 2820; x_wconf 75' lang='lat' dir='ltr'><em>Caligulam-</em></span> 
     </span>
     <span class='ocr_line' id='line_1_36' title="bbox 429 2821 2002 2896; baseline 0 -25"><span class='ocrx_word' id='word_1_270' title='bbox 429 2837 535 2891; x_wconf 89' lang='lat' dir='ltr'><em>que</em></span> <span class='ocrx_word' id='word_1_271' title='bbox 551 2823 762 2892; x_wconf 81' lang='lat' dir='ltr'><em>gennit:</em></span> <span class='ocrx_word' id='word_1_272' title='bbox 792 2827 844 2876; x_wconf 69' lang='grc' dir='ltr'><em>δε</em></span> <span class='ocrx_word' id='word_1_273' title='bbox 861 2823 1202 2896; x_wconf 78' lang='lat' dir='ltr'><em>Agrippinam</em></span> <span class='ocrx_word' id='word_1_274' title='bbox 1219 2865 1234 2888; x_wconf 87' lang='lat'>,</span> <span class='ocrx_word' id='word_1_275' title='bbox 1254 2839 1409 2893; x_wconf 82' lang='lat' dir='ltr'><em>quam</em></span> <span class='ocrx_word' id='word_1_276' title='bbox 1429 2822 1563 2889; x_wconf 80' lang='lat' dir='ltr'><em>dixi,</em></span> <span class='ocrx_word' id='word_1_277' title='bbox 1582 2821 1826 2888; x_wconf 68' lang='lat' dir='ltr'><em>alteram,⁴</em></span> <span class='ocrx_word' id='word_1_278' title='bbox 1842 2822 2002 2875; x_wconf 81' lang='lat' dir='ltr'>Clau-</span> 
     </span>
     <span class='ocr_line' id='line_1_37' title="bbox 426 2894 2003 2972; baseline 0.002 -27"><span class='ocrx_word' id='word_1_279' title='bbox 426 2894 496 2946; x_wconf 89' lang='lat' dir='ltr'><em>dii</em></span> <span class='ocrx_word' id='word_1_280' title='bbox 524 2894 804 2968; x_wconf 81' lang='lat' dir='ltr'><em>conjugem</em></span> <span class='ocrx_word' id='word_1_281' title='bbox 826 2940 839 2963; x_wconf 82' lang='lat'>,</span> <span class='ocrx_word' id='word_1_282' title='bbox 867 2912 1085 2949; x_wconf 80' lang='lat' dir='ltr'><em>matrem</em></span> <span class='ocrx_word' id='word_1_283' title='bbox 1116 2898 1367 2951; x_wconf 59' lang='lat' dir='ltr'><em>Neroni&amp;</em></span> <span class='ocrx_word' id='word_1_284' title='bbox 1411 2898 1485 2950; x_wconf 87' lang='lat' dir='ltr'><em>Ut</em></span> <span class='ocrx_word' id='word_1_285' title='bbox 1520 2914 1676 2969; x_wconf 86' lang='lat' dir='ltr'>porro</span> <span class='ocrx_word' id='word_1_286' title='bbox 1703 2898 2003 2972; x_wconf 76' lang='lat' dir='ltr'><em>novamJn-</em></span> 
     </span>
     <span class='ocr_line' id='line_1_38' title="bbox 424 2965 1996 3045; baseline 0 -22"><span class='ocrx_word' id='word_1_287' title='bbox 424 2965 544 3021; x_wconf 81' lang='lat' dir='ltr'><em>liam</em></span> <span class='ocrx_word' id='word_1_288' title='bbox 577 2970 870 3042; x_wconf 86' lang='lat' dir='ltr'><em>Mytilenaei</em></span> <span class='ocrx_word' id='word_1_289' title='bbox 893 2971 1030 3023; x_wconf 84' lang='lat' dir='ltr'><em>hanc</em></span> <span class='ocrx_word' id='word_1_290' title='bbox 1052 2969 1354 3045; x_wconf 79' lang='lat' dir='ltr'>appellant:</span> <span class='ocrx_word' id='word_1_291' title='bbox 1378 2970 1444 3022; x_wconf 87' lang='lat' dir='ltr'><em>fic</em></span> <span class='ocrx_word' id='word_1_292' title='bbox 1475 2969 1522 3024; x_wconf 84' lang='lat' dir='ltr'><em>se</em></span> <span class='ocrx_word' id='word_1_293' title='bbox 1540 2971 1755 3041; x_wconf 84' lang='lat' dir='ltr'>Glycon</span> <span class='ocrx_word' id='word_1_294' title='bbox 1786 2971 1996 3029; x_wconf 70' lang='grc' dir='ltr'>Ἀσκλη-</span> 
     </span>
     <span class='ocr_line' id='line_1_39' title="bbox 420 3043 2004 3122; baseline -0.001 -23"><span class='ocrx_word' id='word_1_295' title='bbox 420 3043 521 3110; x_wconf 65' lang='grc' dir='ltr'><em>τκτδν</em></span> <span class='ocrx_word' id='word_1_296' title='bbox 547 3043 635 3104; x_wconf 75' lang='grc' dir='ltr'><em>νέον</em></span> <span class='ocrx_word' id='word_1_297' title='bbox 654 3089 669 3115; x_wconf 83' lang='grc'>,</span> <span class='ocrx_word' id='word_1_298' title='bbox 706 3064 905 3102; x_wconf 85' lang='lat' dir='ltr'><em>novum</em></span> <span class='ocrx_word' id='word_1_299' title='bbox 930 3045 1291 3122; x_wconf 82' lang='lat' dir='ltr'><em>AEsculapium</em></span> <span class='ocrx_word' id='word_1_300' title='bbox 1311 3090 1327 3116; x_wconf 81' lang='lat'>‚</span> <span class='ocrx_word' id='word_1_301' title='bbox 1358 3045 1499 3122; x_wconf 81' lang='lat' dir='ltr'>apud</span> <span class='ocrx_word' id='word_1_302' title='bbox 1529 3047 1820 3100; x_wconf 84' lang='lat' dir='ltr'><em>Lucianum</em></span> <span class='ocrx_word' id='word_1_303' title='bbox 1845 3059 2004 3101; x_wconf 81' lang='lat' dir='ltr'>vocat</span> 
     </span>
    </p>

    <p class='ocr_par' dir='ltr' id='par_1_5' title="bbox 1827 3122 2001 3173">
     <span class='ocr_line' id='line_1_40' title="bbox 1827 3122 2001 3173; baseline -0.011 0"><span class='ocrx_word' id='word_1_304' title='bbox 1827 3124 1852 3143; x_wconf 69' lang='lat'><em>”¹</em></span> <span class='ocrx_word' id='word_1_305' title='bbox 1947 3122 2001 3173; x_wconf 83' lang='lat' dir='ltr'><em>in.</em></span> 
     </span>
    </p>
   </div>
   <div class='ocr_carea' id='block_1_2' title="bbox 1658 2960 1836 2973">
    <p class='ocr_par' dir='ltr' id='par_1_6' title="bbox 1658 2960 1836 2973">
     <span class='ocr_line' id='line_1_41' title="bbox 1658 2960 1836 2973; baseline 0 455"><span class='ocrx_word' id='word_1_306' title='bbox 1658 2960 1836 2973; x_wconf 95' lang='lat' dir='ltr'><em> </em></span> 
     </span>
    </p>
   </div>
  </div>
 </body>
</html>
