2228 3428
713 180 1415 237 ILLUSTRATI.
1835 191 1898 242 26

363 258 548 314 midam
567 257 888 324 inscribitur,
915 254 987 308 ob
1018 258 1160 327 cujus
1192 273 1257 310 ex
1287 253 1542 332 Hispania
1572 257 1794 312 reditum
1817 209 1944 337 ἕως.

371 336 460 389 dio
486 334 678 388 exsilit:

477 419 542 463 Et
568 409 704 463 thure
735 407 796 470 &-
815 407 1004 478 fidibus
1028 408 1195 471 juvat

371 485 626 547 placare,
661 484 721 546 ὠ
745 485 896 536 vituli
911 482 1153 556 fhnguine
1176 479 1336 535 debito
1354 523 1369 547 ,

479 559 699 630 Custodes
728 556 969 613 Numidae
989 562 1141 611 Deos.

376 642 483 692 CR
501 645 543 688 E
559 640 646 691 SS
662 639 723 688 A
747 651 804 684 ne
832 630 1197 700 careatpulcra
1219 632 1320 683 dies
1349 637 1417 688 N
1435 642 1479 691 0
1497 641 1624 690 TA
1641 678 1656 699 ‚

469 717 596 766 Neu
621 722 856 778 promptae
886 707 1056 759 modus
1083 706 1343 775 amphorae.

369 791 547 861 Qem
573 784 749 836 locum
771 800 871 835 nec
890 782 1073 856 vulgus
1093 783 1440 856 interpretum
1462 799 1588 838 ante
1617 805 1712 841 nos
1740 788 1946 842 intelle„

367 863 473 925 xit,
492 876 590 911 nec
617 862 794 932 potuit
812 858 1167 935 ὠιῃκοζιῖλου
1181 875 1288 909 non
1309 858 1615 934 obstrepere
1632 906 1647 930 ‚
1671 880 1790 915 cum
1812 864 1951 938 Crefi

353 935 474 1009 st‘m
502 948 684 986 notam
717 950 813 1008 pro
860 935 1080 988 Cretico
1110 937 1234 986 vino
1273 934 1375 986 dici
1403 935 1764 1010 pereleganter
1788 939 1855 991 ab
1882 957 1949 992 eo

368 1024 487 1062 vate
514 1011 668 1082 primi
687 1011 986 1062 monuimus
1009 1036 1019 1064 ε
1058 1009 1283 1063 Perinde
1311 1009 1454 1080 quasi
1482 1025 1573 1063 aut
1601 1030 1709 1063 non
1738 1015 1809 1066 ibi
1833 1032 1952 1090 per-

367 1083 492 1136 inde
523 1087 699 1137 vinum
737 1099 866 1137 notae.
892 1087 1106 1137 nomine
1145 1083 1369 1157 intelligi
1409 1101 1686 1159 oporteat,
1714 1104 1873 1162 atque
1898 1092 1954 1143 in

366 1159 699 1233 sequentibus
727 1159 952 1234 ejusdem
987 1167 1163 1234 poetae
1186 1159 1345 1211 locis:
1379 1157 1468 1215 lib.
1502 1183 1520 1216 1
1547 1181 1564 1216 1
1582 1204 1593 1215 .
1620 1163 1742 1216 Ode
1777 1185 1795 1219 1
1822 1186 1839 1220 1
1865 1186 1910 1221 1.

472 1241 576 1291 Seu·
597 1249 645 1287 te
664 1242 713 1290 in
739 1252 913 1288 remoto
933 1243 1161 1311 gramine
1180 1248 1271 1303 per
1291 1233 1391 1288 dies

628 1319 677 1366 F
681 1314 788 1380 estas
816 1311 1106 1364 reclinatum
1131 1307 1291 1361 bearis·

626 1393 868 1440 Interiore
904 1394 1031 1443 ΝΟ
1051 1390 1176 1442 TA
1208 1382 1430 1440 Falerni.

368 1465 437 1517 Et
467 1462 555 1517 Iib.
589 1484 621 1516 1.
661 1465 827 1534 Satyr.
859 1481 909 1519 x.

474 1547 536 1594 V
531 1552 556 1589 t
587 1535 713 1592 Chio
736 1544 804 1592 N
822 1545 864 1597 O
884 1548 936 1593 T
949 1543 1009 1591 A
1021 1536 1075 1611 si
1094 1544 1357 1590 commixta
1392 1540 1601 1593 Falerni
1631 1543 1704 1609 est.

370 1616 485 1668 Aut
508 1613 607 1665 alia
633 1630 687 1666 re
706 1629 880 1665 carere
908 1611 1042 1667 nolit
1066 1613 1202 1667 hanc
1219 1614 1442 1682 pulcram
1473 1617 1631 1677 diem,
1659 1634 1816 1688 quam
1840 1638 1954 1693 quae

371 1688 492 1742 bono
508 1687 587 1739 die
618 1687 744 1741 alibi
771 1692 945 1763 promi
969 1686 1193 1766 ipsomet
1224 1692 1435 1745 auclore
1467 1692 1654 1745 debet:
1679 1691 1771 1748 lib.
1809 1716 1826 1749 1
1855 1717 1870 1750 1
1897 1719 1943 1752 1.

377 1764 504 1821 Ode
525 1783 558 1816 x
573 1782 604 1816 x
621 1783 656 1817 1.

427 1847 472 1898 Ο
506 1854 635 1893 nata
666 1858 881 1910 mecum,
916 1843 1093 1913 inquit
1113 1885 1128 1908 ,
1161 1840 1366 1907 Consule
1401 1844 1645 1907 Manlio,

433 1923 530 1974 Seu
551 1929 605 1966 tu
627 1915 851 1986 querelas
873 1957 890 1978 ,
903 1918 1016 1989 five
1041 1923 1162 1990 geris
1175 1907 1306 1983 jocos
1321 1959 1356 1979 ‚.

495 1997 596 2048 Seu
613 1997 779 2044 rixam
801 1988 863 2052 ὄπ
887 1993 1080 2064 insanos
1102 2010 1321 2059 amores,

567 2071 664 2121 Seu
676 2065 891 2132 facilem
913 2072 1006 2135 pia
1040 2068 1157 2134 testa
1178 2065 1400 2141 somnum
1418 2092 1452 2121 .··

431 2146 750 2214 roumque
782 2141 955 2195 leffium
989 2148 1179 2193 nomine
1206 2143 1480 2206 Mafficum

432 2223 621 2274 Servas
641 2240 656 2268 .-
687 2224 875 2270 moverz'
901 2217 1050 2293 digna
1079 2224 1132 2272 B
1151 2224 1192 2272 O
1215 2224 1359 2277 No
1385 2226 1443 2275 D
1461 2227 1607 2284 IE‚,

495 2293 781 2368 Descende,
817 2300 1027 2347 Coruino
1043 2291 1276 2361 jubente,

568 2375 798 2423 Promere
822 2367 1138 2442 languidiora
1165 2375 1308 2424 vina,-

377 2446 514 2501 Non
535 2443 711 2497 iisdem
730 2487 743 2511 ,
769 2444 986 2510 amabO,
1018 2443 1212 2495 laetitiae
1238 2450 1558 2519 argumentis
1583 2449 1717 2523 exigi
1736 2450 1960 2519 pulcram

381 2521 511 2572 diem
541 2520 727 2592 jubet,
759 2516 829 2572 ob
858 2519 1147 2571 adventum
1179 2521 1432 2575 Numidae
1455 2567 1470 2590 ,
1514 2541 1574 2575 ac
1606 2524 1732 2577 diem
1760 2526 1927 2583 bonum
1946 2575 1962 2594 2

376 2594 450 2647 ob
483 2596 707 2649 Coruini
741 2593 1086 2647 Consulatum
1121 2612 1136 2649 ἓ
1174 2596 1330 2648 Adde
1359 2600 1602 2669 &festum
1631 2601 1758 2654 diem
1786 2645 1800 2668 2
1839 2609 1964 2660 Ode

375 2688 502 2723 xxv
520 2690 537 2722 1
556 2688 628 2723 11.
659 2671 910 2741 Neptuni
937 2665 1188 2722 videlicet
1211 2694 1222 2724 :

504 2745 642 2811 Festo
663 2740 790 2816 'quid
808 2749 975 2814 potius·
1006 2742 1084 2794 die

432 2825 672 2887 ,Neptuni
692 2817 926 2885 faciam?
955 2823 1136 2871 Prome
1153 2819 1466 2876 >reconditum

504 2893 649 2969 Lyde
662 2896 859 2963 strenua
893 2892 1165 2948 Caecubum.

384 2971 456 3026 Et
483 2970 636 3022 nobis
667 2985 846 3021 tamen
875 2968 1170 3021 obtrudunt
1200 2974 1516 3029 recentiores
1546 2980 1963 3036 Horatiiinter-

372 3060 554 3120 pretes
570 3089 585 3115 ‚
606 3042 820 3117 Crefflaem
835 3044 938 3103 dici
960 3058 1130 3099 notam
1145 3086 1160 3108 ,
1184 3063 1282 3122 pro
1302 3064 1442 3103 creta
1458 3095 1472 3119 ,
1492 3052 1652 3127 idque
1669 3054 1833 3127 ipsum
1855 3059 1962 3113 hoc

1677 3130 1757 3184 Ll
