2228 3428
673 202 1398 265 ILLUSTRATI.
1798 225 1916 278 527

325 278 451 332 tiani
481 281 704 354 primum
722 327 735 349 ,
764 280 920 337 Urbis
949 286 1137 337 Romae
1175 301 1213 337 D
1232 300 1265 336 c
1283 301 1316 336 c
1336 301 1370 339 c
1388 297 1476 335 xx
1497 297 1535 335 x
1551 296 1657 336 111.

175 358 900 420 ’ΦΙΛΙΠΠΟΠΟΛΕΙΤ
922 372 1037 417 &N
1068 364 1121 409 in
1143 355 1370 411 Arabia.

251 445 327 496 ΦΙ
350 444 1101 494 ΑΙΠΠΟΠΟΛΕΙΤΩΝ
1141 443 1623 491 ΚΟΛΩΝΙΑΕ.
1661 435 1724 488 In
1759 435 1911 489 Gaza.

320 513 522 584 Regia,
554 529 796 563 nummus
824 509 1056 582 Philippi
1082 510 1263 562 Patris,
1308 509 1484 579 Hujus
1517 510 1905 584 Philippopolis

319 590 521 638 mentio
550 590 603 638 in
636 586 811 642 Cone.
840 583 1096 641 Calched.
1128 583 1422 638 Conditam
1441 601 1470 634 a
1500 583 1747 658 Philippo
1771 587 1906 638 Ara-

320 660 387 713 be
409 664 540 735 Imp.
563 662 803 713 Aurelius
830 662 1014 715 Vicstor
1036 657 1268 712 testatur.
1292 661 1428 714 Non
1445 658 1627 710 eadem
1655 661 1766 712 haec
1783 679 1906 733 por-

321 755 382 788 ro
400 735 473 788 est
494 754 610 788 cum
627 753 685 787 ea
704 780 718 803 ‚
743 755 859 809 quae
892 733 1102 789 Colonia
1127 736 1304 803 Bostra
1324 732 1591 808 appellata
1607 736 1680 786 est
1698 780 1710 802 ‚
1735 752 1792 786 ut
1815 736 1904 787 suo

319 810 445 863 loco
480 813 780 863 monuimus
811 857 825 879 ,
858 815 1024 865 verbo
1080 816 1121 866 B
1146 813 1198 865 O
1218 813 1315 865 ST
1335 811 1447 864 RA
1478 834 1487 865 :
1529 809 1680 862 aliter
1713 810 1903 862 frustra

316 883 571 938 sentiente
605 886 967 940 Mediobarbo
990 930 1004 953 ,
1031 902 1151 958 pag.
1196 906 1316 958 327.
1367 886 1551 938 Caruit
1587 900 1764 937 autem
1793 884 1905 938 haec

315 963 546 1014 Arabica
568 961 959 1036 Philippopolis
983 961 1357 1035 Metropoleos
1384 962 1729 1034 praerogativa
1751 1005 1764 1028 ,
1800 978 1905 1033 qua

276 1060 280 1065 ·
312 1036 553 1111 insignita
570 1038 835 1091 Thracica
856 1038 930 1090 est
948 1082 962 1106 ‚
994 1052 1108 1090 tum
1141 1040 1193 1091 in
1218 1038 1444 1090 nummis
1463 1081 1477 1105 ,
1511 1050 1623 1088 tum
1652 1037 1703 1087 in
1732 1038 1901 1093 Noti-

317 1116 399 1164 tiis
431 1116 678 1185 antiquiS.

239 1200 395 1247 ΘΕΩ.
440 1202 497 1246 Μ
518 1203 561 1245 Α
579 1203 613 1246 Ρ
629 1203 651 1246 Ι
671 1203 715 1247 Ν
733 1199 799 1247 Ω,
823 1191 944 1242 Fuit
962 1191 999 1240 is
1015 1187 1080 1241 ab
1100 1189 1333 1242 exercitu
1349 1188 1652 1262 Illyriciano
1671 1233 1685 1256 ,
1713 1190 1899 1242 viven-

314 1265 452 1316 tibus
486 1264 743 1339 Philippis
771 1309 785 1332 ,
813 1268 1109 1339 Imperator
1138 1263 1387 1317 salutatus
1417 1290 1427 1318 :
1463 1284 1591 1317 mox
1619 1263 1686 1317 ab
1718 1264 1896 1317 iisdem

313 1338 565 1392 militibus
597 1343 939 1415 interemptus
966 1365 975 1393 :
1004 1357 1033 1391 a
1061 1340 1310 1414 Philippo
1334 1339 1528 1392 deinde
1556 1343 1734 1394 Arabe
1764 1341 1898 1393 rela-

314 1429 395 1466 tus
421 1418 473 1467 in
496 1418 670 1471 Divos
689 1462 702 1484 ,
737 1431 795 1468 ut
825 1416 979 1469 caedis
1013 1416 1122 1488 ejus
1157 1433 1186 1467 a
1209 1413 1257 1468 se
1289 1414 1541 1468 invidiam
1571 1414 1893 1471 amoliretur.

311 1493 466 1565 Qos
488 1492 664 1545 Latini
682 1498 854 1546 Divos
886 1498 939 1545 ὃς
966 1497 1146 1546 DivaA
1162 1532 1177 1552 ‚
1205 1491 1302 1542 hos
1321 1492 1499 1553 Graeci
1526 1502 1622 1550 ΘΕ
1641 1507 1686 1550 0
1703 1503 1746 1547 Υ
1767 1503 1806 1548 C
1839 1498 1896 1546 ὅς

310 1576 355 1619 Θ
371 1579 407 1622 E
429 1580 471 1622 A
491 1579 531 1623 C
560 1583 773 1620 vocant.
806 1571 890 1624 Sic
922 1567 1186 1640 Augustus
1202 1611 1216 1633 ,
1251 1566 1393 1638 apud
1422 1567 1614 1619 Erizzo
1636 1613 1649 1634 ,
1674 1578 1768 1625 ’ΘΕ
1784 1582 1829 1626 O
1846 1577 1895 1629 Σ

308 1652 403 1698 ΘΕ
421 1656 467 1699 0
483 1651 526 1699 Υ
568 1652 609 1697 Υ
627 1654 649 1697 Ι
667 1656 712 1700 0
730 1650 776 1703 Σ
801 1685 815 1708 ‚
858 1648 1036 1698 Divm
1071 1647 1213 1694 Dz'vz·
1254 1649 1317 1694 F.
1373 1640 1685 1696 inscribitur.
1731 1653 1775 1696 Θ
1793 1657 1829 1701 E
1848 1657 1894 1700 A

307 1726 586 1779 ΔΡΟΥΣ
608 1729 845 1785 ΙΛΛΑ,
883 1728 1036 1776 &EA
1071 1725 1216 1777 ΣΕΒ
1237 1730 1279 1774 A
1300 1724 1402 1778 ΣΤ
1423 1729 1500 1784 H,
1525 1723 1628 1772 &c.
1656 1719 1897 1791 Exparte

305 1793 503 1849 altera:
558 1811 593 1856 Φ
615 1807 637 1851 I
661 1805 747 1852 ΑΙ
771 1804 949 1853 ΠΠΟ
971 1805 1297 1853 ΠΟΛΕΙΤ
1320 1805 1450 1851 ΩΝ.
1494 1804 1888 1852 ΚΟΛΩΝΙΑΕ.

305 1869 495 1922 Errant
523 1875 613 1943 qui
637 1871 705 1922 ad
731 1871 970 1924 Thraciae
991 1870 1417 1942 Philippopolim
1454 1873 1717 1942 pertinere
1747 1870 1892 1923 hunc

304 1961 579 1997 nummum
605 1960 827 2020 putant:
853 1961 1011 2017 quem
1036 1944 1269 2017 Philippi
1286 1947 1418 2015 Imp.
1439 1945 1718 2018 populares
1736 1991 1749 2016 ,
1781 1945 1890 2019 ejus

303 2018 608 2073 demerendi
631 2019 806 2086 causa,
838 2023 891 2073 in
921 2019 1117 2073 Arabia
1147 2018 1551 2091 cudijuffcrunt.

152 2102 1111 2162 ΦΙΛΙΠΠΟΠΟΛΕΙΤΩΝ,ἱη
1140 2091 1386 2149 Thracia.
1500 2170 1503 2173 ι

223 2182 723 2233 ΚΑΙΣΑΡΕΩΝ
767 2182 1634 2236 ΦΙΛΙΠΠΟΠΟΛΕΙΤΩΝ
1678 2189 1883 2236 NEQ-

296 2262 401 2307 ΚΟ
419 2265 454 2307 Ρ
475 2262 525 2307 Ω
546 2264 607 2307 N.
644 2251 863 2325 Augusti
885 2267 1129 2302 nummus
1163 2250 1302 2322 apud
1329 2251 1644 2319 Occonem,
1672 2269 1790 2326 pag.
1813 2274 1886 2324 71.
1953 2277 1957 2278 ⁷

299 2344 410 2398 quo
434 2330 485 2378 in
510 2324 724 2379 Caesaris
754 2327 1015 2380 honorem
1045 2325 1182 2377 edita
1213 2342 1243 2376 a
1260 2323 1690 2402 Philippopolitis
1715 2343 1887 2381 certa-

298 2403 441 2456 mina
463 2402 776 2455 indicantur.

222 2500 258 2545 ‹1›
281 2487 402 2536 ΙΛΙ
423 2489 470 2536 Π
489 2489 538 2534 Π
559 2488 944 2537 ΟΠΟΛΕΙΤ
966 2487 1095 2535 ΩΝ.
1122 2477 1386 2530 Antonini
1407 2477 1486 2531 Pii
1507 2519 1520 2543 ‚
1544 2481 1596 2530 &
1619 2476 1884 2532 Commo..

294 2556 346 2607 di
373 2558 603 2622 nummi,
627 2572 655 2606 e
687 2554 878 2608 Museo
900 2554 1100 2607 nostro,
1137 2554 1337 2609 Omnia
1366 2555 1754 2626 Imperatorum
1784 2574 1884 2607 nu-

296 2629 533 2680 mismata
554 2673 568 2695 ,
595 2628 759 2698 usque
785 2627 851 2680 ad
889 2629 1196 2700 Philippum
1225 2627 1460 2680 Arabem
1493 2672 1506 2694 ‚
1551 2628 1741 2700 quibus
1782 2630 1882 2682 ins.

297 2706 521 2775 criptum
559 2703 634 2755 est
680 2714 935 2763 ΦΙΛΙΠ
960 2713 1561 2762 ΠΟΠΟΑΕΙΤΩΝ
1586 2747 1600 2771 ,
1633 2706 1701 2756 ad
1737 2706 1877 2758 hanc

291 2777 709 2852 Philippopolim
750 2796 810 2830 ea
840 2777 1092 2851 spectant.
1416 2777 1419 2779 ’

219 2866 264 2910 A
283 2867 328 2912 N
342 2865 383 2909 T
403 2866 453 2912 Ω
469 2869 514 2912 Ν
531 2867 567 2912 Ε
584 2867 604 2911 Ι
621 2868 667 2912 N
682 2868 728 2913 O
746 2866 801 2912 C.
839 2866 878 2911 C
896 2868 935 2912 E
951 2866 1001 2910 B.
1025 2854 1322 2925 mvndvm&
1351 2853 1576 2919 Σεξαςὸς.
1609 2857 1877 2909 Nummus

295 2933 557 2983 Antonini
584 2932 693 2997 Pii,
720 2929 863 3004 apud
894 2932 1177 3004 Seguinum
1196 2975 1210 2998 ,
1240 2949 1361 3005 pag.
1389 2954 1509 3006 ¹50·
1531 2949 1672 2983 nunc
1697 2932 1881 2984 Cime-

294 3006 350 3057 lii
382 3008 553 3079 Regii.
599 3007 678 3059 Ex
705 3020 854 3079 parte
881 3005 1087 3073 aversa,
1117 3007 1301 3058 mulier
1330 3010 1497 3059 monti
1521 3005 1740 3060 infidet:
1772 3026 1882 3079 quo

273 3106 276 3110 ·
296 3081 418 3135 situs
446 3082 584 3135 urbis
611 3081 898 3137 indicatur:
929 3083 982 3139 in
1005 3083 1182 3137 medio
1217 3100 1437 3138 nummo
1453 3127 1467 3153 ,
1498 3094 1594 3146 ΡΟ
1610 3094 1662 3142 Δ
1679 3097 1726 3144 Ο
1744 3093 1874 3143 ΠΗ.
