2228 3428
701 193 1407 255 ILLUSTRATL
1801 221 1922 274 &7

213 273 448 323 ΑΜΒΡ.
486 264 876 326 AMBPAKI.
918 276 973 324 sc

283 355 329 398 A

196 1392 325 1447 AM

348 353 451 400 ΜΒ
471 355 506 397 Ρ
526 357 570 398 Α
585 355 629 400 Κ
644 356 666 400 I
687 355 736 400 Ω
753 355 796 398 Τ
813 357 856 398 Α
872 358 919 400 Ν
940 388 953 411 ,
977 346 1120 416 apud
1155 345 1432 397 Goltzium
1458 350 1510 400 in
1545 350 1750 403 Graecia
1779 362 1927 402 vete-

357 435 428 470 re.
461 420 523 470 In
552 416 692 470 hisce
717 422 938 469 nummis
984 420 1194 471 Cancer
1220 417 1506 491 insculptus
1532 466 1547 488 ,
1587 442 1690 476 orae
1730 426 1926 476 mariti-

355 510 452 546 mae
479 515 490 544 ε
530 491 614 544 vel
643 492 838 543 tridens
865 536 878 559 ‚
909 492 1181 566 Neptuni:
1205 492 1290 545 vel
1315 509 1484 560 meta,
1521 498 1573 547 in
1601 515 1792 552 corona
1819 497 1922 553 lau-

352 583 475 633 rea,
504 562 889 639 Apollinarium
912 565 1156 620 ludorum
1184 565 1369 620 index:
1403 569 1485 621 vel
1518 571 1806 623 Minotauri
1837 591 1921 625 ca,

352 655 473 714 put,
496 641 579 692 vel
606 638 808 714 Apollo
837 640 1065 693 radiatus
1085 686 1100 709 ‚
1130 642 1216 695 vel
1241 643 1448 710 Diana,
1477 660 1535 696 ut
1565 647 1804 718 Papinius
1831 668 1924 699 vo-

352 729 440 766 cat
459 757 474 781 ,
503 712 838 788 sceptrifera:
875 717 956 769 vel
973 718 1219 792 Juppiter
1248 714 1451 769 fulmen
1473 721 1786 791 intorquens
1805 766 1817 787 ,
1841 724 1924 773 vel

350 790 604 862 Pegasus>
629 789 975 864 Gryphusve,
1008 797 1111 845 &o
1146 791 1380 844 Cei-tasse
1410 791 1718 867 Apollinem
1742 840 1756 862 ,
1790 799 1923 850 Dia-

349 879 470 914 nam
487 908 501 930 ‚
526 865 819 918 Herculem
836 909 851 932 ,
883 865 973 918 sub
994 866 1135 938 cujus
1155 866 1474 939 potiffimum
1504 871 1731 920 numinis
1762 871 1923 922 tutela

351 938 635 991 Ambracia
663 937 833 1008 foret,
856 940 1018 993 refert
1036 944 1339 995 Antoninus
1364 941 1616 995 Liberalis
1636 987 1650 1009 ,
1681 941 1770 997 lib.
1802 948 1923 998 Me,

349 1015 614 1088 tamorph.
639 1032 752 1087 cap.
787 1036 857 1069 IV.
886 1015 1058 1069 Plinio
1078 1061 1092 1084 ,
1119 1015 1204 1070 lib.
1223 1036 1298 1070 1V.
1330 1015 1444 1071 sect.
1467 1039 1504 1070 1.
1537 1018 1780 1086 Oppidum
1796 1026 1925 1074 Am-

349 1085 541 1144 bracia.
572 1090 843 1164 Stephano
871 1116 882 1145 :
919 1091 1217 1165 Ἀμζξρικίοι
1236 1137 1251 1158 ,
1285 1092 1421 1150 πόλις
1449 1095 1786 1170 Θεσπρωτίας.
1810 1139 1819 1149 .
1844 1134 1882 1149 .-
1909 1141 1917 1149 .

346 1164 401 1219 π’
430 1166 604 1235 gevam,
630 1165 987 1238 Α’μζρρωαόῦς,
1023 1173 1056 1240 ’s‘
1088 1167 1480 1241 'Aptssgymcd-rng.
1510 1172 1569 1223 N
1577 1187 1676 1221 unc
1711 1189 1924 1243 quoque

346 1242 643 1296 Ambrakz'a
669 1241 733 1294 ab
758 1243 946 1295 incolis
967 1246 1287 1318 appellatur,
1324 1262 1431 1298 non
1451 1253 1651 1312 Larta,
1678 1260 1738 1297 ut
1772 1247 1919 1299 Geo-

347 1318 530 1392 graphi
552 1317 789 1392 plerique
820 1319 1048 1373 censent.

269 1478 447 1522 ..ML
491 1479 534 1524 Κ
563 1482 627 1525 O.
685 1479 835 1524 MH.
886 1478 1255 1526 MECCOI'I.
1308 1470 1579 1523 Nummus
1634 1469 1921 1525 Alexandri

344 1543 551 1607 Severi,
580 1546 631 1594 in
654 1541 883 1594 Cimelio
918 1541 1331 1597 Christianiffimi
1361 1547 1553 1618 Regis:
1583 1559 1738 1616 quem
1766 1562 1918 1597 num-

341 1633 485 1668 mum
516 1619 581 1669 sic
619 1618 1059 1691 interpretamur,
1087 1619 1306 1690 adjecta¹
1332 1620 1508 1691 priore
1540 1619 1714 1671 littera
1747 1662 1761 1686 ‚
1802 1638 1919 1691 quae

340 1689 533 1745 detrita
563 1691 654 1744 usu
674 1736 687 1760 ,
712 1708 875 1765 atque
908 1692 1057 1744 exesa
1077 1737 1091 1760 ,
1122 1696 1207 1746 vix
1230 1692 1504 1767 conspicua
1533 1696 1586 1746 in
1616 1710 1681 1744 eo
1701 1711 1920 1747 nummo

339 1766 447 1820 est:
480 1770 678 1840 Αμῶῗς
713 1775 922 1832 κολωνίως
950 1769 1274 1841 pom-fomlam&
1314 1769 1732 1841 Μεποπυταμῖοις.
1772 1771 1920 1823 Vidit

338 1840 481 1895 hunc
508 1862 782 1896 nummum
808 1847 885 1898 vir
907 1845 1228 1917 pereruditus
1247 1891 1258 1912 ,
1285 1844 1500 1919 legique
1515 1844 1768 1919 injuliani
1798 1846 1918 1898 Cae„

336 1915 489 1986 sareS,
514 1926 630 1994 pag.
654 1935 687 1990 ‘9
703 1926 750 1974 6.
777 1933 815 1977 E
831 1931 943 1977 ΜΙ.
959 1918 1114 1991 jubet
1130 1964 1144 1987 ,
1163 1919 1454 1992 referrique
1478 1919 1546 1972 ad
1567 1923 1768 1992 ’Eme-57
1791 1923 1918 1972 civi-

341 2006 539 2048 tatem:
574 1996 766 2047 deinde
803 2009 1003 2047 mutata
1028 1996 1282 2048 sententia
1302 2040 1316 2063 ‚
1346 2006 1519 2054 ΒΔΕα
1566 2013 1684 2068 pag.
1717 2016 1835 2065 49¹·
1862 2000 1916 2049 δε

340 2067 409 2119 ad
428 2066 670 2129 Edessam
692 2068 935 2142 specstare.
966 2071 1043 2122 At
1062 2088 1092 2122 a
1113 2068 1514 2144 Mesopotamiae
1541 2071 1731 2122 finibus
1750 2067 1915 2123 Emisit

316 2141 504 2213 ¹longe
532 2144 764 2210 diffidet,
798 2160 957 2215 quam
988 2145 1278 2216 Apamense
1300 2186 1316 2211 ‚
1351 2153 1411 2194 ut
1448 2145 1668 2196 diximus
1688 2189 1701 2210 ,
1733 2146 1915 2198 Ptole-

336 2232 496 2267 maeus
526 2217 801 2269 adscribit:
839 2217 1066 2279 Plinius,
1087 2217 1175 2270 lib.
1210 2237 1258 2270 v.
1287 2219 1405 2269 sedt.
1437 2237 1568 2271 xix.
1615 2217 1912 2290 Cyrrhesti-

333 2307 442 2343 cae:
472 2289 756 2344 Phoeniciae
775 2308 837 2342 ac
865 2290 1072 2342 Libano
1103 2294 1310 2357 monti,
1344 2294 1651 2343 Ammianus
1684 2292 1770 2344 lib.
1798 2312 1909 2347 XIV.

333 2382 454 2439 pag.
476 2386 552 2420 zo.
572 2366 859 2440 Ulpianus2
887 2367 939 2416 in
961 2368 1091 2438 Dig.
1117 2365 1207 2420 lib.
1236 2385 1286 2421 L.
1310 2369 1389 2422 tit.
1421 2382 1518 2419 xv,
1538 2366 1603 2418 de
1634 2366 1907 2435 Censibus,

333 2446 388 2494 &
409 2441 720 2514 Stephanus.
757 2447 879 2500 Nec
907 2453 1076 2500 ΕΔΕ.
1100 2444 1285 2515 reponi
1313 2442 1398 2493 vel
1428 2460 1670 2494 nummus
1696 2445 1908 2516 patitur,

331 2517 385 2568 in
410 2535 519 2590 quo
550 2559 563 2571 .
585 2561 596 2573 .
623 2531 708 2576 .M
727 2531 765 2574 Ι.
818 2518 1099 2593 conspicue
1132 2523 1253 2569 'cum'
1285 2515 1395 2567 aliis
1430 2515 1677 2590 legimus,
1706 2518 1912 2571 corrosa

331 2594 496 2645 modo
544 2595 716 2667 priore
759 2592 967 2660 littera,
993 2593 1178 2666 injuria
1220 2593 1495 2648 hominum
1534 2595 1707 2665 potius
1751 2610 1908 2664 quam

332 2668 588 2723 vetustate
619 2695 629 2721 ε
662 2670 745 2721 vel
774 2668 1096 2722 consuetudo
1125 2685 1460 2721 nummorum
1492 2665 1688 2720 Edessbe
1725 2669 1907 2719 civita,

331 2744 392 2794 tis
410 2787 424 2810 ,
452 2746 505 2795 in
533 2742 722 2816 quibus
747 2757 783 2801 Ε
799 2755 849 2801 Δ
871 2756 923 2801 Ε.
947 2739 1098 2795 scribi
1121 2761 1219 2816 pro
1245 2755 1282 2809 Ε
1299 2754 1349 2800 Δ
1367 2753 1402 2801 Ε
1417 2757 1458 2803 C
1479 2758 1520 2803 C
1539 2757 1582 2800 A
1599 2743 1683 2795 ‘v'el
1706 2754 1907 2801 HAEC-

331 2832 433 2877 CA
454 2832 475 2875 I
499 2833 548 2878 Ω
568 2836 613 2878 N
656 2819 794 2872 haud
840 2836 1035 2872 temere
1063 2818 1257 2872 videas.
1319 2819 1407 2872 Ad
1448 2821 1694 2879 Amidam
1723 2835 1848 2891 ergo
1878 2835 1907 2870 e

331 2894 737 2968 Mesopotamiae
765 2896 1016 2968 primariis
1052 2893 1264 2946 urbibus
1298 2901 1538 2946 nummus
1574 2894 1658 2945 hic
1687 2896 1907 2955 attinet,
1943 2961 1946 2964 Δ

329 2969 396 3021 dc·
419 2988 520 3043 qua
549 2972 899 3044 saepenumero
931 2970 1264 3022 Ammianus:
1284 2976 1436 3037 quam
1463 2974 1515 3022 δε
1538 2968 1907 3021 Constantium

322 3047 463 3120 imp.
487 3041 578 3099 suo
599 3048 813 3106 nomi-ne
850 3044 1100 3121 appellari
1129 3043 1343 3099 voluisse
1374 3043 1510 3098 idem
1539 3043 1784 3112 affirmat,
1808 3042 1896 3096 lib.

1573 3120 1613 3173 E
1660 3119 1709 3189 iij
