2228 3428
695 214 720 269 I
753 216 796 269 L
826 214 870 268 L
898 213 949 269 U
978 213 1008 268 S
1036 213 1088 268 T
1116 213 1169 270 R
1201 213 1245 266 A
1274 213 1326 267 T
1353 212 1398 267 I.

331 290 516 340 driano
546 289 788 360 Principe
814 287 1035 338 inditum
1065 287 1312 343 declarat.
1370 287 1464 341 Vir
1495 282 1674 338 sedens
1698 283 1895 338 hastam

335 361 490 428 laeva,
521 363 700 414 dextra
730 375 959 432 pateram
994 375 1157 412 tenet.

183 440 231 494 ,A
249 447 296 494 Δ
315 449 362 493 H
381 450 414 492 P
430 449 471 493 K
487 449 537 494 Ω
554 452 598 494 Ν
615 449 636 492 Ι
656 449 696 490 T
717 446 766 491 Ω
785 448 846 490 N.
872 435 1084 496 Traiani
1103 449 1340 484 nummus
1358 475 1370 496 ,
1393 448 1421 483 e
1437 431 1707 484 Thesauro
1730 432 1894 488 Golt-

331 515 412 566 zii.
438 513 763 585 Stephanus:
795 507 1167 580 Ἀἓὲρκωνπόλις
1197 505 1416 568 Ἰζεωάς.
1445 505 1519 559 To*
1537 507 1709 572 ἐθνικόν,
1730 511 1895 580 'Aszp-

334 593 527 646 wm'wq.

187 662 236 713 A
258 662 311 714 D
339 664 358 713 1
379 663 426 713 A
455 668 484 714 Β
513 661 551 711 E
573 661 631 714 N
654 660 709 713 E.

257 737 306 786 A
329 739 380 789 D
401 737 423 786 Ι
443 735 488 785 Α
509 739 564 788 B.
610 736 666 786 In
700 750 918 786 nummo
943 732 1157 804 Trajani
1190 779 1203 801 ,
1242 733 1383 805 apud
1431 734 1712 786 Oeconem
1732 774 1744 797 ,
1778 748 1893 804 pag,

334 829 441 877 214.
459 807 673 874 Plinius,
697 806 785 862 lib.
804 826 849 860 v.
876 805 990 860 secT.
1019 826 1083 861 xi
1109 828 1179 863 11.
1204 809 1360 864 Vltra
1382 812 1711 869 Armeniam,
1730 806 1897 859 Adza.

332 882 480 948 bene,
510 880 712 954 Affyria
741 896 858 933 ante
887 883 1035 935 dzfia.
1072 884 1212 936 Vide
1239 902 1353 955 quae
1375 883 1591 933 diximus
1619 881 1672 929 in
1705 876 1895 935 Plinia-

330 960 406 1007 nis
435 959 614 1012 Notis,
635 958 695 1008 In
718 959 938 1007 nummis
958 959 1161 1023 Severi,
1185 973 1242 1009 ut
1262 955 1400 1029 apud
1431 958 1715 1009 Oeconem
1737 998 1749 1019 ‚
1773 970 1892 1027 pag,

328 1051 433 1102 350.
494 1033 942 1087 PARTHIC.
1018 1033 1387 1086 ARABIC.
1457 1028 1769 1084 ADIAB.
1842 1035 1896 1082 ὃς

330 1122 446 1177 pag.
476 1126 566 1179 352.
602 1120 644 1161 A
662 1120 695 1161 P
713 1120 754 1161 A
772 1117 825 1160 Β.
860 1119 902 1161 Α
920 1117 1007 1164 ΔΙ
1028 1120 1070 1161 Α
1090 1118 1139 1161 Β.
1171 1124 1291 1180 pag.
1318 1126 1407 1176 351.
1436 1118 1478 1160 A
1499 1113 1659 1160 ΡΑΒ.
1693 1114 1896 1159 ΑΔΙΑ.

329 1191 363 1234 Β
386 1193 434 1237 H
454 1195 514 1237 N.
537 1198 653 1254 pag.
676 1201 770 1253 355.
792 1183 828 1234 P
847 1187 892 1237 A
911 1185 974 1239 R.
1021 1186 1065 1238 A
1090 1187 1168 1240 Rq
1200 1184 1246 1234 A
1268 1183 1341 1235 D.
1379 1180 1484 1230 hoc
1501 1178 1575 1230 est
1597 1221 1611 1244 ,
1635 1175 1893 1240 Parthico,

330 1255 583 1317 Arabico,
615 1253 937 1310 Adiabenico.
981 1258 1278 1329 Spartianus
1304 1257 1354 1306 in
1380 1256 1570 1307 Severo
1592 1295 1606 1319 ‚
1639 1270 1756 1327 pag.
1794 1274 1892 1324 71.

331 1329 627 1384 Adiabenos
651 1337 701 1381 in
724 1329 1009 1383 tributarios
1037 1337 1202 1403 coegit.
1224 1331 1291 1381 Et
1318 1346 1436 1400 pag.
1468 1332 1550 1397 67.
1576 1334 1724 1380 Circa
1752 1336 1895 1382 Ara-

332 1404 470 1455 biam
488 1404 636 1471 plura
660 1403 828 1476 gestit,
863 1403 1076 1457 Parthis
1098 1410 1249 1454 etiam
1277 1409 1327 1452 z'n
1350 1402 1641 1452 deditionem
1670 1401 1894 1464 redaffls,

329 1496 416 1528 nec
450 1495 541 1528 non
587 1485 741 1528 etiam
773 1476 1085 1531 Adiabena.-
1258 1479 1440 1546 Atque
1480 1475 1534 1527 ob
1567 1471 1651 1528 hoc
1685 1476 1898 1548 reversus

329 1548 570 1619 triumpho
616 1549 781 1603 delato
831 1593 843 1613 ,
906 1552 1181 1621 appedatus
1243 1553 1304 1619 cst
1350 1556 1410 1603 A
1429 1557 1475 1604 R
1493 1554 1553 1601 A
1572 1555 1625 1603 B
1644 1560 1679 1603 I
1695 1557 1738 1603 C
1757 1557 1865 1605 VS
1882 1594 1896 1618 ,

333 1632 1096 1689 ADIABENICVS‚
1150 1631 1767 1681 PARTHJCVS.

165 1715 228 1758 ⁴A
248 1711 295 1758 Δ
313 1713 333 1757 Ι
354 1712 394 1758 Κ
412 1716 460 1759 H
478 1717 523 1759 N
540 1716 576 1760 E
603 1714 647 1761 Ω
665 1717 726 1760 Ν.
768 1704 1054 1755 Commodi
1080 1719 1323 1753 nummus
1343 1745 1357 1768 ,
1390 1715 1449 1752 ut
1481 1701 1692 1770 quidem
1714 1699 1779 1751 ad
1803 1718 1899 1752 nos

331 1778 551 1829 relatum
574 1778 646 1830 est
664 1823 678 1845 ,
714 1794 741 1829 e
763 1777 1010 1831 Medicea
1030 1777 1195 1830 Gaza.
1239 1778 1411 1829 Locus
1445 1774 1615 1826 adhuc
1647 1775 1891 1848 Geogra-

332 1852 447 1924 phis
467 1854 844 1926 incompertus,
872 1852 1062 1905 Forsan
1089 1865 1131 1906 A
1149 1862 1233 1910 AI
1255 1861 1352 1906 ΚΥ
1369 1864 1409 1907 Α
1430 1861 1451 1904 Ι
1473 1860 1522 1905 Ω
1539 1862 1585 1905 Ν
1605 1848 1708 1922 legi
1735 1866 1899 1921 opor-

331 1929 433 1978 tuit
450 1972 463 1993 ‚
492 1927 559 1979 ab
589 1926 817 1996 Ἀλωιόοᾳ
838 1972 852 1994 ,
879 1926 1062 1981 Siciliae
1088 1926 1289 1999 oppido
1306 1969 1320 1991 ,
1341 1923 1481 1997 apud
1503 1923 1841 1997 Stephanum.

186 2007 728 2059 ΑΔΜΕΔΕΡΩΝ.
776 2015 952 2060 THC.
999 2013 1266 2059 IEPAC.
1311 2011 1470 2056 ΚΑΙ.
1529 2008 1897 2054 ACTAOT.

330 2077 719 2129 Admederorum
761 2077 983 2128 civitatis
1006 2075 1167 2147 sacrae
1198 2074 1258 2137 ἄν
1282 2074 1558 2126 inviolatae.
1602 2075 1901 2126 Domitiani

330 2168 570 2202 nummus
603 2167 631 2201 e
656 2147 922 2203 Thesauro
953 2148 1192 2214 Goltzii,
1226 2166 1346 2220 pag.
1369 2168 1490 2217 207.
1523 2148 1901 2207 Antonino‚in

331 2225 587 2277 Numidia
605 2266 619 2288 ‚
642 2220 942 2277 Ammedercz
963 2221 1181 2273 Colonia.
1202 2222 1343 2292 Asyli
1372 2220 1752 2289 san&itatisque
1771 2237 1898 2292 prae-

330 2299 569 2369 rogativa
597 2296 742 2366 quod
771 2298 822 2345 in
853 2297 1074 2346 nummis
1106 2294 1235 2367 saepe
1261 2297 1493 2344 occurrit
1515 2336 1528 2358 ,
1572 2291 1744 2343 obiter
1786 2293 1897 2344 stri-

332 2374 561 2443 &imque
584 2367 911 2443 explananda
931 2367 1099 2423 nobis.
1132 2370 1196 2421 Id
1220 2368 1298 2439 jus
1328 2371 1379 2418 in
1400 2384 1463 2418 eo
1491 2380 1630 2431 erat,
1666 2366 1811 2437 quod
1837 2384 1902 2419 ex

331 2444 462 2497 urbe
490 2463 546 2497 ea
567 2489 578 2511 ‚
608 2448 691 2496 cui
719 2443 771 2495 id
801 2443 982 2493 darum
1012 2440 1139 2495 effet
1167 2486 1181 2510 ,
1218 2459 1376 2492 nemo
1407 2444 1496 2513 qui
1531 2443 1713 2491 vicinis
1754 2442 1901 2493 dam-

331 2537 454 2570 num
492 2520 796 2590 injuriamve
825 2515 1103 2584 intulisset,
1134 2517 1302 2589 repeti
1341 2518 1393 2566 in
1435 2517 1755 2567 deditionem
1786 2513 1902 2589 pos-

332 2589 418 2647 set.
451 2595 608 2646 Erant
628 2592 764 2665 apud
784 2590 991 2667 Judaeos
1021 2590 1275 2660 ejusmodi
1299 2590 1486 2660 aliquae
1514 2590 1773 2658 civitateS,
1796 2607 1903 2650 ,ceu

332 2665 556 2719 totidem
590 2665 814 2739 perfugii
840 2664 956 2716 loca
977 2667 1034 2715 iis
1059 2708 1072 2731 ‚
1113 2667 1202 2736 qui
1230 2663 1346 2715 casu
1371 2664 1638 2716 hominem
1674 2662 1901 2714 necavis-

330 2740 456 2795 sent.
499 2744 648 2794 Famis
683 2739 937 2814 plerisque
963 2744 1151 2810 pariter
1180 2739 1231 2788 id
1263 2735 1556 2789 concessum
1586 2734 1903 2790 beneficium

333 2814 406 2865 est
424 2858 437 2881 ,
463 2831 522 2866 ut
543 2817 729 2868 Diana:
753 2811 1293 2867 Hierocaesarienfium
1311 2855 1325 2877 ,
1352 2810 1686 2868 testeTacito
1704 2809 1790 2864 lib.
1817 2831 1901 2865 111.

333 2887 522 2941 Annal.
597 2890 664 2940 Et
711 2891 762 2939 in
811 2889 1033 2937 nummis
1064 2929 1078 2952 ,
1130 2901 1172 2942 A
1188 2898 1223 2941 P
1238 2898 1278 2940 T
1295 2897 1331 2940 E
1348 2898 1404 2940 M
1422 2897 1443 2940 Ι
1458 2897 1514 2942 C.
1576 2899 1613 2942 E
1632 2901 1666 2944 Φ
1685 2897 1720 2940 Ε
1736 2895 1776 2946 C
1795 2896 1816 2939 I
1839 2898 1898 2940 A.

332 2976 374 3018 A
399 2963 443 3028 ἓ
460 2973 502 3017 Υ
523 2971 568 3018 Λ
589 2976 634 3020 O
657 2976 714 3020 C.
743 2963 829 3016 Sic
874 2959 1292 3012 Christianorum
1322 2959 1517 3031 templa
1541 2959 1754 3011 salutem
1777 2976 1906 3032 prae-

333 3035 506 3089 stitere
529 3040 588 3089 iis
621 3042 710 3110 qui
728 3035 792 3088 ad
821 3032 926 3108 ipsa
944 3033 1310 3110 confugerent,
1329 3034 1464 3088 Vide
1490 3031 1702 3094 Titulos
1725 3034 1788 3086 de
1807 3035 1906 3102 im:
