2228 3428
682 199 1371 257 ILLUSTRATI.
1812 209 1930 277 '397

346 277 603 330 Nencoris.
675 278 963 331 Priscorum
995 275 1094 327 hac
1135 280 1316 349 opinio
1352 274 1452 329 fuit
1481 318 1495 342 ,
1532 273 1686 327 certis
1738 273 1922 329 diebus

345 354 499 404 Deos
526 366 820 403 commeare
849 354 901 402 in
930 353 1165 402 civitates
1189 351 1280 401 sibi
1301 364 1576 422 acceptaS,
1604 349 1792 422 easque
1811 356 1920 410 '631-2-

344 424 507 496 ἡμέας
527 426 631 490 §mir
661 423 1014 498 appellabant.
1078 425 1163 477 Sic
1191 424 1330 496 apud
1355 424 1544 478 Delios
1589 430 1642 477 ὅ(
1682 425 1919 480 Milefios

343 504 602 553 adventus
633 499 890 573 Apollinis
919 497 1222 550 colebatur:
1253 498 1392 570 apud
1424 498 1646 571 Argivos
1666 543 1678 566 ,
1710 503 1919 561 Dianae:

347 590 406 626 ut
428 574 606 626 scribit
630 570 924 627 Menander
955 571 1193 638 Rhetor‚
1223 574 1276 623 in
1301 589 1414 644 cap.
1456 571 1521 621 de
1553 570 1761 644 hymnis
1795 582 1917 635 >biv-

346 650 619 717 πεμηὲὶιχςῖς,
657 644 906 699 Aristides
947 648 998 696 in
1023 645 1451 698 Panathenaico:
1488 646 1684 713 Πᾶπων
1713 650 1920 716 πέςθῖώ

347 724 592 796 ’θηῶτμίοις
615 723 730 778 ε’(ποι
761 743 839 777 πε.
865 721 978 773 Dio
1015 718 1420 792 Chrysostomus
1439 765 1451 785 ‚
1477 736 1607 773 orat.
1644 740 1756 793 quae
1783 728 1917 777 Tar-

344 799 450 851 fica
478 819 515 851 1.
541 796 866 860 inscribitur,
907 811 1023 867 pag.
1053 801 1198 867 408.
1236 795 1358 856 Φασὶ
1388 795 1477 854 0255-
1510 796 1679 862 οἴνοις-οἱς
1711 798 1854 869 ἥρωας
1886 802 1918 861 >3¹

337 874 455 940 Jeotk
486 870 714 929 ‘avadsUG
738 869 1063 939 ’ἔῗπςγέφίοὸτᾳ
1102 870 1186 927 we&
1224 873 1387 935 αυτὸᾖ]
1411 871 1567 928 ‘mih-‘aff
1590 917 1600 938 ,
1627 873 1717 930 τοῖς
1746 877 1916 934 αἶ’λλοις

335 949 474 1005 ἔνατος
517 948 695 1014 domas
731 989 745 1012 ‚
779 948 826 1002 ε”ν
866 973 916 1003 ’τε
954 947 1118 1015 θυσίοᾳς
1145 946 1213 1014 ³<5u'
1241 973 1348 1004 τισιν
1401 947 1575 1018 ἑορταῖς
1619 952 1918 1015 ὣνμοπλέωψ

342 1028 444 1076 &Q
478 1030 646 1077 Aiunt
672 1021 933 1073 conditores
956 1018 1127 1072 herem
1162 1021 1250 1073 vel
1277 1029 1413 1076 Deos
1436 1023 1759 1095 saepenumero
1788 1026 1913 1099 fixas

332 1097 540 1171 z'pfhrum
571 1099 712 1150 adire
743 1103 1004 1159 civitates,
1029 1115 1117 1151 nen
1142 1102 1404 1167 conspicuos
1442 1097 1558 1150 altis
1578 1138 1594 1160 ‚
1620 1099 1693 1149 ad
1716 1099 1913 1170 fiacrzfi'.

337 1183 418 1226 cta
439 1213 455 1235 ,
479 1173 539 1235 ἄν
559 1172 632 1224 ad
654 1172 889 1247 quosdam
905 1171 1046 1243 festos
1072 1179 1164 1224 toti
1186 1173 1360 1242 populo
1385 1175 1515 1235 dies,
1550 1177 1650 1227 δίε.
1696 1177 1786 1229 De
1812 1177 1911 1230 hu-

330 1245 561 1319 jusmodi
602 1252 845 1304 Deorum
882 1246 1116 1300 adventu
1156 1249 1329 1319 passim
1381 1253 1560 1306 Poetae
1606 1249 1911 1321 loquuntur⁰

337 1324 497 1376 Maro
523 1321 800 1397 praesertirn
820 1366 834 1390 ,
863 1323 950 1375 lib.
993 1343 1010 1375 1
1032 1342 1080 1376 v.
1116 1322 1333 1378 AEne'i'd.

409 1400 606 1475 Qalis
631 1395 710 1450 ubi
733 1396 987 1451 hibernam
1024 1405 1265 1472 Lyciam,
1302 1400 1616 1469 „Xanthique
1631 1400 1830 1470 fluenta

413 1475 647 1546 Deserit,
671 1492 735 1526 ac
752 1472 940 1528 Delum
969 1487 1242 1527 maternam
1264 1475 1438 1547 invistt
1458 1475 1657 1542 Apollo,

336 1549 400 1603 Id
430 1549 591 1601 causae
617 1550 724 1615 est,
759 1567 849 1599 cur
880 1554 934 1601 &
964 1550 1015 1598 in
1050 1552 1273 1600 nummis
1306 1553 1694 1615 Imperatorum
1733 1551 1910 1623 paffim

333 1621 641 1676 inscribatur
673 1624 722 1675 A
740 1626 794 1677 D
812 1626 862 1678 V
887 1623 926 1675 E
943 1625 999 1676 N
1018 1625 1068 1675 T
1084 1626 1132 1677 V
1153 1626 1183 1677 S
1230 1626 1277 1676 A
1296 1628 1344 1678 V
1369 1626 1483 1678 GV
1502 1625 1531 1676 S
1547 1626 1597 1676 T
1613 1627 1635 1677 I
1651 1669 1664 1690 ,
1698 1625 1912 1679 sedente

333 1715 398 1752 ex
427 1716 565 1770 equo
593 1700 862 1771 Prin-cipe,
895 1714 1215 1769 manumque
1244 1698 1511 1752 dexteram
1539 1699 1913 1771 protendente,

333 1792 396 1826 ac
429 1773 569 1847 spem
601 1775 741 1847 pacis
768 1789 831 1824 eo
858 1770 1043 1824 habitu
1077 1773 1374 1826 ostenta-nte
1402 1800 1412 1827 :
1456 1773 1606 1846 quod
1643 1775 1696 1824 in
1735 1777 1913 1830 Severi

332 1848 485 1923 ipsius
513 1850 739 1900 nummis
766 1844 943 1921 saepius
982 1863 1011 1898 a
1046 1850 1197 1899 nobis
1224 1848 1505 1920 inspectum
1534 1892 1547 1914 ,
1576 1848 1767 1919 quibus
1798 1849 1912 1903 haec

335 1923 539 1996 adjecta
565 1923 852 1995 epigraphe
878 1966 892 1988 ‚
930 1925 979 1978 A
997 1925 1051 1975 D
1070 1924 1175 1975 VE
1194 1927 1251 1977 N
1270 1926 1385 1978 TV
1407 1928 1445 1977 Ι.
1507 1926 1558 1975 Α
1579 1926 1627 1976 V
1649 1924 1719 1976 G.
1785 1926 1822 1977 F
1842 1929 1912 1981 E,

336 1997 420 2052 LI
443 2001 529 2055 CI
553 2000 582 2051 S
601 2002 631 2053 S
653 2001 672 2050 l
691 1999 751 2051 M
776 1998 847 2050 O.
913 1998 998 2050 Sic
1030 2001 1083 2048 &
1116 1996 1337 2049 Paulum
1380 1996 1694 2070 Apostolum
1736 2001 1913 2054 Roma

333 2073 552 2126 Tarsum
582 2069 827 2138 invisere,
855 2070 947 2124 sub
976 2071 1111 2122 diem
1139 2070 1248 2142 ejus
1272 2072 1456 2126 festum
1487 2116 1501 2139 ,
1542 2070 1672 2122 dixit
1700 2072 1912 2126 Basilius

337 2146 675 2203 Seleucienfis
701 2191 717 2214 ,
750 2145 842 2202 lib.
886 2168 902 2200 1
929 2168 974 2200 1.
1001 2144 1066 2196 de
1096 2145 1331 2213 Thecla,
1357 2165 1471 2220 cap.
1514 2165 1562 2200 Χ.
1609 2148 1913 2201 Perinthios

333 2242 464 2278 vero
486 2226 537 2274 in
564 2224 738 2275 Severi
762 2218 959 2295 semper
987 2215 1215 2294 partibus
1235 2218 1454 2288 stetisse,
1475 2223 1628 2272 etiam
1654 2220 1778 2273 dum
1807 2226 1912 2297 By..

334 2300 495 2350 zantii
524 2315 552 2350 a
582 2300 770 2369 Nigro
790 2296 982 2349 starent
1012 2340 1025 2361 ,
1053 2297 1348 2366 Spartianus
1386 2299 1438 2347 in
1476 2299 1668 2350 Severo
1711 2298 1910 2368 innuit,

332 2391 454 2448 pag.
482 2379 564 2443 67.
604 2372 691 2425 Ad
713 2388 803 2423 eos
825 2371 872 2422 se
903 2364 1178 2423 contulisse
1201 2368 1451 2422 invisendi
1485 2371 1627 2422 causa
1661 2374 1913 2427 Severum

332 2448 490 2500 semel
512 2451 834 2518 iterumque,
856 2445 944 2497 hic
974 2461 1217 2496 nummus
1245 2443 1421 2499 docet,

251 2531 308 2579 ,Π
324 2535 413 2581 ΕΡ
433 2536 454 2580 Ι
475 2533 618 2581 ΝΘΙ
639 2536 689 2581 Ω
706 2535 754 2581 Ν
789 2535 885 2580 ΝΕ
907 2532 956 2578 Ω
974 2532 1016 2578 Κ
1032 2533 1078 2578 O
1097 2533 1132 2576 P
1151 2531 1201 2577 Ω
1220 2533 1284 2579 Ν.
1336 2520 1619 2575 Caracallae
1647 2541 1912 2594 munimur,

332 2617 443 2669 quo
471 2598 776 2671 triumphali
799 2595 904 2670 ipse
929 2614 1078 2647 curru
1097 2595 1304 2647 vehitur
1326 2639 1341 2663 ,
1369 2596 1619 2670 Apolline
1644 2616 1784 2671 pone
1819 2617 1908 2651 au..

331 2674 564 2744 rigante:
594 2688 892 2743 quanquam
918 2671 1068 2722 aliter
1094 2669 1364 2723 Tristanus
1392 2671 1671 2745 explanare
1696 2676 1911 2742 nititur,

332 2760 463 2798 tom.
504 2767 522 2799 1
550 2767 591 2799 1.
627 2762 744 2818 pag.
777 2749 881 2798 188.

256 2831 360 2881 ΠΕ
378 2834 412 2877 P
428 2833 454 2876 ‘I
470 2831 577 2879 Ne)
596 2832 615 2875 Ι
635 2832 684 2877 Ω
703 2832 750 2876 N
794 2832 891 2876 NE
910 2830 960 2874 Ω
978 2827 1079 2875 ΚΟ
1101 2832 1135 2874 Ρ
1155 2831 1204 2876 Ω
1226 2833 1289 2876 Ν.
1323 2820 1563 2890 Ejusdem
1595 2821 1899 2892 Caracallae,

334 2914 453 2947 cum
489 2897 746 2968 Serapidis
778 2893 982 2965 effigie,
1005 2895 1166 2965 qualis
1197 2912 1226 2945 a
1257 2894 1540 2946 Macrobio
1571 2895 1908 2968 depingitur,

331 2969 438 3023 hoc
456 2971 558 3038 est,
588 2988 706 3021 cum
729 2967 939 3020 calatho
959 2966 1105 3040 supra
1126 2983 1312 3041 caput:
1346 2986 1464 3019 nam
1497 2975 1548 3022 ὅ(
1580 2971 1785 3039 ,φίλοψον
1812 2973 1910 3025 Ar-

333 3045 618 3100 temidorus
648 3057 840 3113 vocat,
876 3042 964 3098 lib.
994 3062 1042 3099 v.
1084 3045 1330 3099 Onirocr.
1375 3048 1419 3101 E
1446 3044 1673 3097 Cimeho
1716 3050 1910 3122 Regio„

1448 3120 1727 3194 DDdiij
