2228 3428
676 244 1331 308 MoNETARIA.
1772 266 1882 324 549

661 374 990 438 Quinarium,
1014 385 1102 437 pro
1129 376 1362 440 quinque.

235 477 475 549 Quinarii
503 490 682 528 notam
721 478 982 548 geminam
1017 479 1068 526 in
1099 478 1322 527 nummis
1341 474 1593 540 vidimus,
1623 481 1676 545 Q
1695 519 1709 542 ,
1741 481 1795 530 δε
1819 477 1888 531 V.

159 550 371 605 Pondus
389 597 403 620 ,
431 569 707 624 granorum
728 595 742 616 ,
762 566 815 599 ut
834 566 1027 601 vocant
1044 593 1058 616 ,
1082 549 1501 623 quadragenum.
1526 545 1745 608 Denarii
1764 566 1892 604 nota

160 627 235 682 X.
256 628 470 682 Pondus
493 643 665 680 autem
683 669 696 692 ,
720 639 776 676 ut
801 629 1024 698 pretium
1041 668 1055 691 ,
1083 624 1321 699 duplum,

548 746 847 812 Sestertium,
868 758 955 812 pro
977 741 1214 811 dupondio
1236 759 1301 794 ac
1316 739 1514 817 fi‘miffe.

234 855 366 908 Hoc
390 853 492 919 est,
517 868 616 924 pro
643 853 824 905 assibus
856 850 989 903 binis
1023 868 1140 901 cum
1174 850 1389 900 dimidio
1423 849 1539 904 affe.
1569 854 1771 919 Varro,
1800 851 1890 909 lib,

164 945 246 981 xv,
282 929 348 979 cle
380 928 499 1002 ling.
535 927 654 979 Lat.
691 945 807 1001 pag.
837 948 918 998 4¹·
957 935 1021 979 In
1056 940 1260 998 argento
1293 933 1499 979 nummi.
1524 968 1533 978 .
1558 968 1567 980 .
1589 969 1599 980 .
1639 932 1891 997 Demetrii,

162 1003 294 1074 quod
321 1004 462 1056 denos
488 1014 592 1056 ceria
622 1001 900 1054 valebant.-
928 1005 1169 1070 Qinarz'i
1185 1044 1200 1067 ,
1234 1001 1364 1074 qued
1383 1009 1550 1073 quinos
1571 1025 1585 1052 .·
1614 1005 1890 1071 Sestertlus,

160 1079 292 1150 quod
307 1079 452 1153 semis
485 1087 670 1134 tertius,
694 1077 988 1147 Dupondtus
1019 1084 1143 1128 enim
1169 1074 1229 1138 ὠ
1247 1075 1395 1149 semis
1414 1119 1431 1140 ,
1464 1084 1699 1148 antiquus
1735 1075 1895 1149 sester-

158 1160 258 1205 tius
287 1157 360 1223 cst.
396 1155 696 1209 Sestertium
732 1172 894 1228 porro
926 1154 1029 1206 hoc
1069 1152 1220 1208 Plinii
1245 1151 1369 1203 loco
1411 1151 1676 1226 intellige,
1712 1146 1799 1226 qui
1834 1154 1896 1206 sit

157 1228 211 1288 in
241 1246 431 1300 quarto
456 1229 604 1298 casu,
634 1244 694 1281 ut
719 1246 941 1296 vocant,
970 1247 997 1280 a
1021 1231 1164 1285 resto
1179 1228 1417 1301 st’stertius
1444 1251 1458 1280 .·
1489 1246 1598 1278 non
1626 1245 1654 1279 a
1685 1242 1895 1296 neutrO,

143 1299 432 1376 ststertium.
467 1305 604 1358 Cum
636 1308 773 1357 enim
804 1303 1030 1358 sestertia
1065 1304 1207 1356 audis
1250 1320 1440 1355 neutro
1471 1320 1660 1377 genere
1691 1300 1896 1371 efferri,

157 1378 354 1452 fingula
384 1378 514 1432 scito
537 1380 678 1433 mille
704 1383 958 1446 nummiS,
992 1378 1095 1432 sive
1128 1378 1307 1449 (quod
1336 1379 1474 1431 idem
1511 1380 1616 1449 est)
1647 1378 1788 1431 mille
1820 1377 1896 1431 se-

158 1452 344 1506 stertiis
373 1456 639 1509 aestimari:
667 1456 770 1514 hoc
801 1454 873 1509 est
892 1500 905 1523 ,
936 1470 1164 1507 monetae
1196 1454 1417 1508 Gallicae
1436 1497 1449 1520 ,
1486 1451 1624 1505 libris
1653 1469 1893 1509 centum:

156 1543 216 1580 ut
233 1546 296 1581 ex
328 1531 617 1584 Plutarcho
647 1531 979 1603 intelligimus
1000 1575 1015 1597 ,
1043 1532 1094 1581 in
1126 1529 1287 1582 Fabio
1323 1531 1597 1595 Maxinm,
1630 1546 1747 1602 pag.
1783 1535 1895 1597 176.

157 1608 212 1657 ὃ(
233 1621 294 1655 ex
320 1605 490 1658 Plinio
513 1607 622 1678 ipso
643 1604 925 1675 hujuslibri
947 1603 1064 1659 seer.
1087 1624 1210 1657 v111.
1227 1608 1466 1675 equitum
1488 1603 1694 1654 censum
1713 1620 1898 1656 taxari-

155 1693 208 1731 te
229 1678 465 1732 sestertiis
489 1697 557 1731 cc
576 1697 665 1736 cc,
690 1682 757 1732 Et
782 1695 841 1731 ut
870 1679 1025 1731 semel
1053 1681 1232 1730 omnia
1259 1679 1520 1744 dicamus»,
1548 1694 1666 1728 cum
1703 1677 1899 1746 decie8‚

154 1756 312 1806 vicies
340 1799 354 1822 ,
393 1754 702 1828 quadragies
721 1799 735 1822 ,
762 1753 1048 1820 centiesve,
1074 1753 1215 1806 audis
1233 1797 1247 1820 ,
1278 1768 1499 1805 centena
1534 1751 1691 1804 millia
1720 1752 1903 1804 sester..

153 1829 289 1902 tisim
322 1829 584 1884 masculini
606 1831 807 1904 generis
825 1828 1145 1902 subintelligi
1174 1828 1304 1880 scito
1334 1842 1612 1902 oportere:
1644 1827 1727 1880 hic
1758 1832 1897 1881 enim

156 1907 416 1960 Romanis
445 1905 700 1977 loquendi
728 1923 859 1958 mos,
894 1903 1195 1957 Sestertium
1226 1921 1386 1956 unum
1407 1917 1712 1975 argenteum
1732 1946 1746 1972 ‚
1777 1920 1895 1955 cum

156 1995 288 2036 nota
315 1979 534 2034 sestertii
562 2001 581 2034 1
599 2002 616 2035 1
633 1999 653 2032 s
670 2024 686 2050 ‚
706 1977 1004 2034 cimelium
1022 1979 1258 2032 nostrum
1286 1974 1527 2031 affervat.

462 2098 678 2157 ,librale
713 2114 879 2155 autem
909 2100 1098 2171 pondus
1125 2104 1232 2153 ceris
1255 2104 1584 2154 imminutum.

227 2211 308 2264 Ita
329 2209 603 2262 Pintianus
631 2207 766 2262 vidit
786 2211 837 2261 in
871 2206 960 2262 suo
992 2209 1208 2262 codice:
1237 2226 1332 2259 nos
1361 2209 1416 2259 in
1442 2207 1646 2280 RegiO,
1681 2203 1897 2258 librare.-

156 2284 288 2337 editi
309 2328 323 2352 ,
340 2282 491 2338 librae.
516 2286 646 2339 Hoc
676 2283 779 2350 est,
815 2285 923 2337 affis
941 2328 955 2351 ,
981 2286 1070 2357 qui
1087 2282 1279 2336 libralis
1309 2282 1492 2357 pondo
1514 2296 1625 2334 erat
1642 2325 1656 2345 ,
1689 2282 1899 2355 pondus

156 2359 231 2412 est
259 2361 593 2412 imminutum
613 2377 760 2432 gnon
787 2358 940 2432 ipsius
969 2359 1114 2412 librae
1141 2360 1375 2432 ponduS‚
1408 2372 1468 2409 ut
1494 2353 1652 2408 visum
1683 2353 1898 2429 quibus..

156 2433 278 2487 clam
299 2435 423 2488 alias
452 2435 683 2488 eruditis,
705 2434 988 2487 Priscianus
1009 2437 1081 2486 ita
1106 2433 1345 2487 locutus:
1380 2437 1663 2501 Dema-ius,
1692 2433 1884 2506 inquit,

159 2508 316 2565 decem
348 2509 588 2564 librarum
613 2527 826 2564 nummus
846 2553 860 2578 ,
889 2509 993 2563 hoc
1019 2509 1093 2563 est
1112 2553 1126 2578 ,
1158 2510 1341 2561 decem
1370 2509 1562 2563 affium.

160 2626 309 2683 Bello
343 2635 530 2682 Punico
550 2636 743 2696 primo,
775 2647 880 2683 cum
915 2628 1130 2702 impenfis
1164 2624 1463 2697 Respublica
1497 2647 1589 2680 non
1617 2630 1899 2702 fitffi‘ceretg

269 2705 669 2775 constitutumque
686 2747 701 2771 ,
729 2718 786 2754 ut
810 2700 928 2772 affi’s
939 2706 1258 2780 fi’xtantario
1279 2702 1490 2773 pondere
1510 2703 1789 2772 ferirentur.

235 2812 461 2885 Egregie
492 2810 667 2864 Festus
706 2812 1060 2866 hallucinatur
1088 2855 1102 2877 ,
1130 2812 1220 2883 qui
1255 2806 1421 2864 verbo
1457 2818 1805 2880 sextantarii,
1841 2809 1896 2861 id

157 2887 397 2940 accidisse
415 2887 558 2939 bello
579 2887 806 2939 secundo
824 2888 1027 2941 Punico
1049 2883 1316 2940 asseverat.
1338 2892 1682 2955 Sextantarii‚
1703 2887 1897 2962 inquit,

163 2960 282 3034 affis
304 2970 353 3017 in
384 2966 466 3037 usu
492 2960 575 3032 effi
602 2976 865 3030 coeperunt,
911 2981 972 3013 ex
1002 2981 1053 3012 eo
1080 2975 1321 3028 tempore,
1349 2962 1700 3034 quodpropter
1721 2963 1896 3016 bellum

164 3045 408 3094 Punicum
414 3038 676 3114 secundum
697 3038 1013 3089 decreverunt
1039 3043 1252 3104 Patres,
1276 3051 1330 3087 ut
1345 3034 1463 3107 affi’s
1484 3081 1499 3105 ,
1520 3045 1603 3110 qui
1631 3053 1733 3091 tum
1754 3050 1899 3097 erant

163 3114 360 3172 librarii
382 3157 399 3180 ,
421 3115 602 3186 fierent
625 3112 939 3189 fi’xtantarc'z'
974 3158 988 3183 ‚
1034 3118 1137 3168 &a
1204 3115 1472 3244 Coeptuni
1489 3131 1664 3243 {orro—
1698 3115 1894 3171 bellum

1555 3206 1584 3240 z
1615 3206 1664 3263 ιι]
