2228 3428
729 165 777 218 A
821 164 875 219 D
920 163 974 219 D
1018 165 1059 219 E
1103 163 1161 218 N
1205 163 1259 219 D
1304 163 1347 216 Ι.
1802 171 1916 238 567

272 236 502 310 Cybeles
542 238 594 289 &
625 236 764 292 Attae
801 239 1015 312 effigies,
1081 241 1171 292 De
1203 251 1430 307 utroque
1459 250 1524 287 eo
1561 237 1774 290 numine
1804 244 1924 293 vide

269 314 573 365 Pausaniam
593 355 606 378 ,
633 315 682 365 in
709 314 980 380 Aelia'ici5‚
1004 331 1122 387 pag.
1147 333 1241 380 223.
1274 313 1362 364 De
1382 311 1587 383 oppido
1604 313 1919 387 Stephanus:

258 384 482 456 ’'Avfitcoe,
513 388 652 445 ’πόλις
679 388 1028 446 Hmomwn'ovu
1056 432 1070 453 .,
1109 386 1306 447 ’πλησίον
1325 386 1543 459 ’[Αρῃρις.

193 474 691 522 ,ΑΝΘΕΜΟΥΕῙ
713 478 762 522 Ω
782 479 839 520 Ν.
900 474 1066 520 ΝΕΩ
1086 475 1186 519 ΚΟ
1206 475 1240 518 Ρ
1262 473 1312 518 Ω
1333 474 1394 517 N.
1456 461 1723 534 Elagahaii
1769 483 1921 517 num-

270 558 384 589 mus
406 585 420 606 ,
457 558 573 591 cum
607 542 737 593 Dece
767 541 920 612 Syriae
948 540 1102 589 icone
1127 581 1141 602 ,
1179 536 1320 608 apud
1353 536 1639 606 Ligorium.
1690 540 1776 591 Est
1804 540 1924 592 u-:bs

269 613 669 688 Mesopotamiae
697 614 869 667 Plinio
890 657 904 681 ‚
921 610 1009 666 lib.
1032 630 1082 666 v,
1107 610 1221 664 [εᾶ.
1242 629 1273 661 x
1289 629 1321 662 x
1341 630 1377 662 1.
1407 606 1663 661 Anthemu
1683 632 1751 666 la.
1782 615 1921 667 Vide

270 690 528 742 Plinianas
557 703 728 740 notaS.

188 763 249 818 G
270 764 307 817 E
328 767 382 819 N
401 767 424 817 I
443 765 515 818 O.
550 764 597 814 A
614 764 773 816 NTI
800 763 852 815 O
878 762 923 815 C
944 763 1002 816 H
1025 763 1063 815 E
1080 763 1137 815 N
1158 764 1187 814 S
1207 763 1245 814 Ι,
1262 759 1457 813 Mulier
1481 765 1595 834 rupi
1618 761 1826 830 insidet,
1851 765 1919 816 ad

265 837 428 912 pedes
477 836 639 889 fluvio
674 851 949 904 enatante,
984 855 1093 908 quo
1128 836 1249 887 situs
1273 835 1414 887 urbis
1448 840 1620 887 monti
1662 839 1917 910 impositae

267 930 419 965 amne
435 910 743 987 praefluente
759 914 827 963 ad
844 913 1039 963 radices
1060 911 1168 981 ejus
1186 909 1508 982 intelligitur.
1529 913 1585 963 In
1606 928 1754 984 parte
1778 931 1924 962 num..

264 989 336 1040 mi
358 986 528 1040 aversa
547 1031 562 1054 ,
589 987 688 1040 stat
714 985 916 1057 Apollo
947 1003 1066 1038 cum
1096 984 1233 1058 lyra:
1266 985 1552 1058 epigraphe
1572 1030 1588 1052 ,
1632 991 1677 1037 A
1700 987 1738 1039 P
1767 989 1819 1040 O
1847 989 1918 1040 L·

264 1065 311 1118 L
330 1065 383 1118 O
402 1065 459 1118 N
481 1066 519 1117 Ι.
556 1065 586 1116 S
605 1061 654 1114 A
675 1064 732 1118 N
754 1063 800 1115 C
820 1064 871 1114 T
892 1062 963 1116 O.
996 1060 1085 1115 Est
1111 1060 1408 1113 Antiochiae
1439 1060 1634 1113 Pifidiae
1650 1105 1664 1129 ‚
1689 1078 1716 1113 e
1736 1063 1918 1115 Cime-

263 1138 335 1189 lio
361 1140 553 1211 Regio,

188 1224 717 1272 ANTI'OXEQN.
753 1222 1016 1276 ΚΑΙΣΑ
1035 1227 1087 1270 Ρ.
1123 1222 1270 1275 ΣΕΒ
1293 1219 1571 1272 ΑΣΤΟΣ
1612 1212 1917 1284 CaputAu..

265 1289 415 1360 gusti.
437 1292 512 1343 Ex
531 1305 679 1362 parte
695 1291 855 1344 altera
877 1335 890 1357 ,
919 1293 1075 1345 Liviae
1093 1306 1251 1361 caput
1269 1333 1283 1355 ,
1308 1306 1425 1339 cum
1445 1286 1730 1361 epigraphe
1745 1331 1757 1352 ‚
1790 1302 1832 1343 A
1849 1300 1916 1343 T-

264 1374 308 1418 T
325 1377 368 1421 A
390 1374 496 1423 ΛΟ
515 1377 557 1421 Υ
596 1375 640 1426 Σ
656 1375 699 1421 Υ
713 1381 758 1424 N
775 1380 815 1421 A
832 1379 866 1422 P
882 1377 927 1423 X
945 1379 966 1421 Ι
986 1378 1043 1422 A.
1066 1362 1282 1417 Attalus
1296 1370 1348 1414 z'n
1375 1365 1688 1435 Mag-'stratu
1714 1364 1908 1437 collega.

263 1440 403 1494 Vide
427 1456 469 1497 A
487 1455 583 1499 ΡΟ
599 1453 643 1497 Χ
658 1455 695 1499 E
715 1452 765 1499 Ω
784 1456 846 1499 N.
869 1440 1034 1494 Attali
1058 1456 1253 1491 nomen
1274 1484 1287 1507 ,
1317 1438 1465 1510 quod
1486 1441 1536 1487 in
1560 1440 1913 1510 Pergameno-

181 1531 185 1533 *
262 1532 376 1566 rum
399 1559 413 1582 ‚
429 1516 837 1588 Erythraeorum,
855 1520 1261 1588 Smyrnaeorum,
1279 1510 1759 1585 Apamenfiumque
1775 1531 1918 1563 num-

262 1592 358 1638 mis
398 1590 624 1659 ejusdem
659 1591 826 1642 ferme
858 1594 1047 1642 trastus
1076 1591 1310 1639 occurrit
1337 1631 1352 1654 ,
1380 1601 1439 1637 ut
1470 1585 1913 1639 Antiochensibus

265 1663 434 1716 Cariae
465 1664 605 1717 hunc
637 1682 909 1715 nummum
935 1662 1233 1735 adjudicem
1250 1706 1267 1729 ,
1293 1675 1490 1713 monet.

183 1748 230 1795 A
247 1749 288 1796 Γ
307 1749 353 1795 Χ
371 1751 393 1796 I
413 1751 457 1795 Α
474 1751 570 1798 AE
590 1752 640 1798 Ω
657 1753 704 1797 Ν
723 1783 738 1807 ,
765 1740 1002 1793 Thraciae
1047 1736 1260 1791 scilicet.
1305 1736 1603 1790 Domitiani
1638 1752 1880 1787 nummus
1896 1781 1911 1803 ,

257 1816 398 1887 apud
426 1815 762 1868 Leon-ardum
789 1814 1140 1888 Augustinum
1159 1855 1175 1877 ,
1197 1828 1314 1862 cum
1340 1812 1536 1861 triremi
1567 1811 1693 1861 velis
1721 1827 1913 1882 expan-

257 1889 334 1942 sis,
372 1889 598 1961 Reliqua
624 1888 940 1963 epigraphe:
979 1903 1029 1945 H
1045 1899 1083 1943 Γ
1098 1899 1135 1943 E
1151 1898 1224 1942 M.
1257 1895 1373 1941 ΑΠ.
1414 1895 1525 1941 ΚΛ.
1560 1896 1616 1940 Μ
1631 1899 1673 1939 Α
1689 1897 1724 1939 P
1743 1897 1785 1941 K
1800 1897 1822 1941 I
1843 1899 1912 1941 A·

257 1975 441 2023 Nor.
470 1963 717 2034 H‘sspuivos
738 1964 967 2021 Ἀππίου
996 1962 1228 2023 mammo
1257 1961 1541 2034 Mapmowod'.
1558 1959 1773 2032 Praeſsde
1793 1968 1912 2030 Ap..

252 2046 340 2108 pio
368 2039 585 2095 Claudio
611 2048 913 2095 Marciano,

179 2116 230 2172 ΓΑ
263 2127 308 2176 Ξ
340 2127 364 2173 Ι
390 2130 452 2174 A.
503 2120 567 2171 In
595 2115 949 2171 Collefflineis
980 2114 1165 2189 Pyrrhi
1195 2113 1394 2185 Ligorii
1428 2128 1670 2163 nummus
1690 2112 1912 2182 Junonis

260 2206 421 2266 caput
451 2192 665 2246 exhibet
687 2236 704 2259 ,
738 2210 860 2245 cum
897 2190 1180 2265 epigraphe
1202 2214 1213 2243 ι
1249 2201 1299 2245 H
1316 2202 1351 2244 P
1371 2200 1431 2242 A.
1470 2201 1514 2244 A
1537 2198 1581 2248 Ξ
1599 2199 1621 2242 I
1640 2200 1680 2241 A
1696 2195 1756 2246 Σ.
1781 2195 1910 2241 Iuno

257 2274 448 2322 Axias.
479 2270 699 2324 Nomen
724 2269 772 2319 ei
795 2267 862 2320 ab
887 2264 1089 2339 oppido
1117 2265 1249 2317 Axia
1269 2268 1320 2314 in
1344 2266 1526 2317 Locris
1548 2307 1562 2330 ,
1594 2266 1681 2334 qui
1705 2280 1909 2336 cogno-

258 2344 524 2394 minantur
565 2342 759 2397 Ozolae
783 2386 798 2410 ‚
844 2342 913 2394 de
955 2337 1145 2414 quibus
1177 2339 1403 2405 Plinius,
1439 2337 1527 2392 lib.
1554 2359 1572 2390 1
1592 2357 1636 2391 v.
1676 2335 1792 2392 feet.
1823 2357 1907 2392 ιν.

258 2416 508 2470 Meminit
528 2417 635 2487 ejus
666 2417 847 2493 oppidi
875 2415 1188 2490 Stephanus,

183 2492 232 2547 A
247 2493 286 2545 P
307 2495 360 2548 R
375 2494 429 2547 O
451 2495 499 2547 S.
530 2494 792 2547 Antonini
811 2495 888 2546 Pii
906 2507 1143 2543 nummus
1168 2489 1309 2562 apud
1328 2489 1598 2561 Ligorium
1617 2531 1630 2554 ,
1654 2503 1771 2539 cum
1797 2490 1908 2562 epi.

258 2568 499 2638 graphe:
537 2569 733 2622 COL.
774 2570 879 2622 ΑΡ
903 2563 1904 2622 ROS.T1T1A.AEL1A.HA-

258 2644 659 2696 DRIANA.
709 2642 1251 2697 ANTONINA.
1310 2638 1904 2712 AVGVSTA.J2m

258 2729 370 2766 tum
404 2715 696 2789 Vespafiani
724 2734 838 2768 aevo
864 2716 1069 2768 colonia
1098 2713 1226 2778 fuit,
1257 2711 1387 2763 teste
1413 2710 1612 2779 Plinio,
1640 2708 1726 2764 lib.
1773 2733 1788 2765 1
1815 2733 1833 2766 1
1861 2735 1876 2766 1
1894 2754 1906 2767 .

258 2788 376 2843 fecit.
404 2808 436 2841 x
454 2808 483 2842 v
505 2811 556 2843 11
574 2812 611 2846 1.
644 2794 696 2843 in
714 2790 945 2843 Thracia
966 2834 983 2858 ,
1009 2795 1176 2858 Apros
1198 2786 1386 2839 colonia
1410 2829 1425 2850 ‚
1454 2806 1562 2858 quae
1587 2805 1622 2838 a
1651 2782 1905 2856 Philippis

256 2862 418 2934 abest,
444 2884 478 2920 c
499 2885 690 2921 LXXX
709 2887 742 2921 v
763 2887 778 2918 1
798 2888 816 2920 1
838 2887 873 2919 1.
918 2886 984 2921 M.
1017 2864 1137 2936 paff
1182 2861 1474 2916 Ptolemaeo
1513 2877 1729 2936 quoque
1758 2905 1772 2929 ,
1815 2864 1907 2934 qui

257 2942 522 2992 Antonini
556 2943 853 3014 principatu
878 2943 1007 2993 vixit
1032 2985 1047 3010 ,
1093 2941 1300 3010 ''Aws
1333 2944 1557 3006 κολωνία,
1586 2941 1722 2991 inter
1754 2934 1906 2991 urbes

253 3015 493 3069 Thraciae
519 3016 940 3072 mediterraneas
1101 3018 1105 3020 ’
