2228 3428
671 227 1381 287 ILLUSTRATI.
1850 251 1943 318 333·

380 302 605 360 Cimel‘io
635 308 827 379 Regio.
889 305 1007 356 Fuit
1029 304 1281 358 Patrensis
1318 308 1497 360 civitas
1521 309 1736 365 Acha‘i'ae
1762 330 1947 391 caput,

372 382 436 432 de
469 398 567 452 qua
594 380 819 446 Plinius,
850 378 941 431 lib.
985 400 1003 431 1
1024 398 1071 430 v.
1105 377 1220 433 sect.
1251 399 1301 434 X.
1346 386 1608 456 Vniversa>
1641 386 1859 444 Achaiae
1891 393 1947 445 li.

369 454 608 509 bertatem
635 460 889 510 Domitius
915 460 980 505 N
984 472 1058 502 ero
1079 452 1227 507 dedit.
1253 457 1421 530 Qod
1439 464 1490 512 ὃ(
1512 461 1947 543 Pausanias-egre-

371 534 454 603 gie
481 531 757 582 confirmat
783 532 833 581 in
859 527 1099 578 Achaicis
1122 571 1135 591 ‚
1158 545 1275 602 pag.
1305 553 1329 582 2
1349 553 1375 584 2
1396 555 1450 588 2.

301 609 359 663 N
385 600 573 660 ERO.
622 605 951 661 CLAVD.
989 602 1217 656 CAEs.
1262 605 1469 661 AVG.
1511 611 1588 663 Ex
1618 629 1769 685 parte
1797 634 1946 670 aver-

372 680 459 733 sa:
503 684 558 734 H
581 685 616 734 E
639 678 915 735 RCVLI
977 677 1433 737 AVGVSTO.
1493 685 1559 738 C.
1615 690 1674 742 P.
1737 693 1945 745 Colonia

369 755 635 818 Patrenfi's.

297 834 345 887 C
369 833 420 885 O
442 831 497 883 L.
548 821 614 882 Ἀ.
648 832 709 882 Α.
745 829 782 879 Ρ
807 831 912 881 AT
935 832 984 883 R
1000 830 1056 882 E.
1087 825 1296 885 Colonia
1322 837 1550 908 Augusta
1570 844 1712 894 Ανοέ
1728 848 1947 896 Patren..

360 904 442 980 sts.
478 907 742 958 Nummus
785 906 862 958 M.
907 904 1133 972 Aurelii,
1167 907 1305 978 apud
1336 911 1575 964 Patinum
1598 957 1611 979 ,
1642 933 1758 990 pag.
1805 940 1942 992 234,

371 998 489 1031 cum
521 983 706 1033 Dianae
749 980 949 1052 effigie,
982 998 1097 1051 quae
1129 987 1278 1032 curru
1312 987 1475 1038 cervis
1505 985 1690 1057 juncto
1723 993 1947 1049 vehitur,

371 1057 463 1109 De
483 1057 671 1109 Dianae
698 1055 933 1126 Laphriae
959 1055 1104 1105 cultu
1125 1057 1263 1129 apud
1288 1060 1557 1115 patrenses
1587 1062 1814 1139 superius
1839 1071 1948 1143 egi-

372 1148 484 1180 mus
502 1174 517 1198 ,
545 1148 608 1182 ex
632 1130 874 1184 Pausmia
899 1132 948 1180 in
971 1130 1217 1182 Achaicis
1234 1175 1248 1198 ,
1274 1150 1392 1207 pag.
1433 1159 1459 1192 2
1481 1160 1574 1206 24.

299 1206 345 1258 C
372 1207 425 1258 O
454 1207 511 1259 L.
573 1211 637 1260 A.
679 1206 744 1259 A.
782 1208 820 1259 P
844 1207 964 1258 AT
988 1209 1055 1260 R.
1104 1206 1386 1262 Caracallae
1419 1230 1660 1267 nummus
1694 1259 1707 1283 ,
1752 1219 1802 1269 in
1836 1238 1945 1292 quo

372 1283 664 1334 Mercurius
697 1285 863 1331 monti
890 1281 1079 1332 infidet
1103 1323 1117 1347 ,
1157 1300 1273 1333 cum
1309 1288 1545 1341 caduceo
1575 1333 1590 1358 ,
1640 1296 1694 1345 &c
1731 1296 1946 1348 arietem

370 1359 506 1408 iidem
540 1357 707 1429 digito
734 1357 1006 1412 monstrat.
1067 1358 1207 1409 Vide
1241 1376 1356 1429 quae
1383 1362 1604 1416 diximus
1641 1367 1694 1418 in
1722 1374 1946 1423 nummis
2038 1358 2043 1363 ’

374 1432 774 1487 Corinthiorum
794 1474 807 1496 ,
826 1431 917 1482 ubi
945 1431 1298 1502 quamobrem
1325 1436 1594 1492 Mercurio
1625 1440 1689 1493 fit
1708 1445 1835 1495 aries
1852 1463 1947 1519 ap-

369 1506 562 1578 pofitus
579 1551 592 1571 ,
616 1525 677 1558 ex
701 1507 945 1560 Paustmia
970 1507 1261 1560 docuimus,

295 1591 683 1643 ΜΙΝΔΙΟΣ
758 1590 1309 1644 ΑΝΘΥΠΑΤΟΣ.
1370 1595 1737 1649 ΠΑΤΡΩΝ.
1787 1594 1946 1668 Apud

374 1657 746 1731 Spanheiiiium
765 1702 777 1724 ‚
807 1656 895 1709 lib.
929 1660 992 1707 de
1019 1659 1105 1707 uiu
1145 1660 1404 1715 Numism.
1438 1680 1558 1737 pag,
1591 1674 1715 1738 564
1752 1669 1876 1723 NOS
1896 1675 1945 1722 jn

370 1751 592 1783 nummo
626 1751 690 1784 eo
725 1733 944 1786 vidimus
972 1743 1022 1789 Π
1039 1747 1081 1790 A
1096 1746 1138 1789 T
1152 1747 1186 1791 P
1203 1748 1240 1793 E
1260 1749 1309 1794 Ω
1326 1750 1387 1794 N.
1415 1741 1651 1794 Mindius
1685 1744 1955 1820 proconsul

373 1809 705 1881 Patrenfium.

296 1891 402 1941 ΚΛ
425 1896 764 1944 ΑΥΔΙΟΥ.
807 1897 1158 1947 ΡΟΥΦΟΥ.
1225 1900 1763 1952 ΑΝΘΥΠΑΤΟΥ.
1808 1908 1945 1954 ΠΑ-

373 1971 460 2016 TP
482 1973 531 2019 Ω
553 1976 597 2018 Ν
613 2005 624 2026 ,
654 1981 716 2013 ex
740 1965 982 2015 Oecone.
1009 1961 1223 2015 claudio
1241 1964 1375 2029 Rufo
1395 1970 1721 2041 Proconsule‚
1751 1979 1948 2024 Patra..

371 2056 488 2089 rum.
524 2037 627 2091 Sed
656 2035 819 2088 habet
848 2038 987 2087 idem
1024 2039 1181 2090 Occo
1202 2082 1214 2103 ,
1249 2057 1366 2113 pag.
1397 2064 1484 2113 135-
1513 2061 1785 2097 nummum
1818 2048 1948 2100 aite-

370 2131 484 2163 rum
510 2156 524 2179 ,
560 2125 654 2169 NE
672 2127 706 2168 P
731 2127 780 2171 Ω
797 2127 842 2170 Ν
859 2125 880 2168 I
925 2121 975 2167 Π
994 2125 1038 2168 Α
1055 2124 1143 2169 ΤΡ
1165 2126 1213 2171 Ω
1235 2129 1280 2172 N
1297 2127 1318 2170 I
1362 2119 1660 2191 inscriptum
1695 2163 1708 2184 ,
1738 2137 1795 2171 ut
1827 2125 1941 2193 qui-

344 2190 491 2240 *dem
519 2194 615 2256 ait,
645 2207 765 2239 cum
793 2188 962 2239 nullus
993 2188 1229 2241 dubitem
1252 2235 1265 2257 ,
1301 2194 1427 2262 quin
1449 2192 1553 2266 legi
1599 2205 1648 2251 Π
1668 2208 1706 2250 A
1725 2208 1814 2254 ΤΡ
1831 2210 1881 2255 Ω
1901 2212 1946 2256 N.

371 2277 644 2337 oporteat,
673 2269 724 2316 &
750 2266 816 2315 ad
838 2263 1109 2317 Patrenses
1134 2265 1329 2319 referri.
1355 2271 1674 2343 Qanquam
1706 2290 1802 2324 nec
1833 2273 1942 2326 sum

370 2336 566 2391 nescius
598 2355 873 2391 occurrere
905 2338 1042 2390 hanc
1087 2357 1304 2412 quoque
1335 2359 1521 2393 vocem
1550 2347 1602 2395 in
1633 2348 1844 2399 vetustis
1874 2350 1947 2400 la-

372 2415 581 2485 pidibus
608 2459 619 2479 ‚
654 2417 729 2466 uti
755 2413 893 2486 apud
933 2415 1224 2467 Gruterum
1244 2461 1259 2485 ‚
1296 2432 1415 2490 pag.
1454 2438 1616 2493 1094.
1658 2445 1703 2497 5,
1754 2435 1794 2478 T
1817 2438 1862 2482 Ο
1884 2437 1945 2482 N,

371 2501 714 2548 EATTOT.
762 2501 1215 2548 HATPQNA.
1332 2524 1333 2527 ¹

297 2574 351 2620 n·
369 2577 513 2622 ATP
533 2579 570 2623 Ε
586 2578 635 2624 Ω
655 2580 701 2623 Ν
721 2610 738 2631 ,
771 2567 908 2638 apud
947 2565 1226 2620 Goltzium
1256 2569 1313 2618 in
1337 2569 1545 2621 Graecia
1563 2614 1576 2636 ,
1597 2572 1735 2628 Tab.
1764 2596 1779 2628 1
1800 2596 1848 2632 x,

297 2651 377 2697 ΚΙ
398 2652 453 2696 Μ
472 2652 599 2699 ΩΝ.
641 2655 683 2697 A
703 2653 859 2698 PCH
896 2652 1167 2699 HATPE
1186 2654 1236 2700 Ω
1256 2658 1331 2709 N,
1355 2644 1635 2717 mendose,
1654 2650 1938 2723 apodem-

375 2716 493 2766 dem
515 2716 788 2769 Goltzium
806 2760 820 2782 ,
844 2735 940 2788 pro
964 2731 1009 2772 A
1025 2729 1059 2771 P
1075 2731 1121 2791 Q
1141 2731 1189 2773 H
1228 2730 1275 2774 Π
1297 2733 1338 2774 A
1353 2731 1394 2773 T
1413 2734 1448 2775 P
1466 2732 1501 2776 E
1520 2733 1569 2777 Ω
1586 2736 1632 2779 Ν
1649 2767 1660 2787 ,
1685 2733 1945 2782 ΑνοέΡα,

372 2791 589 2864 trenfium
606 2832 621 2852 ,
653 2792 735 2840 uti
751 2809 845 2840 nos
875 2792 1139 2843 Luteciam
1159 2794 1465 2845 Parisiorum
1481 2796 1720 2852 dicimus,
1757 2803 1838 2855 Sic
1855 2820 1948 2854 an-

374 2880 457 2916 tea
488 2866 705 2917 vidimus
722 2908 735 2931 ‚
762 2877 804 2922 Κ
822 2878 843 2920 1
861 2877 895 2920 Β
918 2878 967 2922 Ω
984 2878 1023 2920 T
1040 2881 1086 2924 O
1103 2879 1159 2923 C.
1194 2882 1236 2923 A
1258 2877 1306 2922 Π
1326 2881 1366 2922 Α
1385 2880 1440 2924 M
1457 2882 1493 2926 Ε
1512 2881 1558 2925 Ω
1579 2886 1636 2929 Ν.
1661 2876 1786 2926 Vox.
1802 2879 1948 2947 prior

374 2952 418 2997 Κ
440 2949 460 2995 Ι
479 2953 533 2998 Μ
551 2953 602 2998 Ω
619 2954 663 2996 Ν
683 2984 696 3006 ,
727 2941 1012 3014 appeilatio
1034 2944 1272 2993 Praetoris
1300 2942 1372 2994 est
1388 2987 1402 3009 ,
1434 2943 1512 2995 vel
1543 2946 1777 3000 Praefesti
1814 2951 1955 3005 urbi„

375 3016 466 3068 Est
503 3022 555 3068 in
593 3017 698 3067 hoc
743 3030 971 3088 utroque
1000 3015 1295 3069 Goltziano
1340 3018 1649 3070 numismate
1687 3017 1943 3098 insculpta

374 3091 541 3146 Pallas
560 3136 574 3163 ,
595 3108 714 3145 cum
726 3090 867 3148 hasta
889 3098 942 3147 ὃ(
957 3091 1149 3168 clypeo
1169 3136 1184 3162 ,
1208 3092 1558 3168 appositaque
1585 3097 1787 3153 nodua.
1807 3101 1938 3154 Pau-

1561 3170 1608 3223 C
1631 3187 1656 3221 c
1677 3189 1704 3224 c
