2228 3428
330 254 433 357 {ios
464 301 790 375 quindecim:
824 300 878 349 &
909 293 1240 346 tantumdem
1263 294 1437 346 valere
1466 290 1584 346 sane
1611 294 1836 350 clamant
1861 297 2049 355 littera

334 380 471 433 XV.
514 379 565 427 in
590 377 645 425 iis
668 372 891 424 nummis
914 366 1198 442 insculptae.
1261 369 1449 423 Postea
1480 381 1655 420 tamen
1694 370 2046 443 Augustorum

333 469 445 503 aevo
469 449 688 501 denariis
721 444 980 519 argenteis
1009 445 1205 495 vicenis
1237 445 1406 513 quinis
1434 443 1831 516 ‘permutabatur
1865 463 2045 502 aureus

329 540 573 575 nummus
599 537 731 574 unus
755 562 770 586 ,
801 535 857 571 ut
876 537 939 572 ex
967 520 1150 572 Dione
1169 518 1372 571 constat
1396 524 1447 571 ὃς
1481 518 1706 574 zonara.
1739 518 1910 589 Hujus
1935 521 2046 576 haee

331 600 492 650 verba
520 597 663 649 sunt:
689 594 846 669 Παῧὲ
864 592 1096 662 Ῥωμςιῖοις
1124 594 1169 662 αἱ
1194 595 1326 652 ἄκοστ
1353 593 1422 663 200?
1448 593 1581 651 πέντε
1604 594 1822 671 &dxl-&l
1837 602 2047 670 ὣςυσοιιῗ

329 674 533 745 νόμισμα
556 671 620 727 ἕν.
646 674 786 725 Vide
814 670 1059 727 Snellium
1077 713 1092 737 ‚
1119 668 1209 724 lib.
1242 670 1306 720 de
1328 685 1382 721 re
1413 687 1554 722 num.
1580 685 1700 741 pag.
1737 690 1820 740 29.
1860 671 1925 722 Et
1947 674 2051 726 Di-

327 748 540 820 dymum
573 747 709 799 adde
735 745 999 797 laudatum
1027 762 1056 795 a
1081 742 1234 796 nobis
1263 743 1423 816 paulo
1447 759 1613 797 antea.
1672 747 1771 799 Sed
1795 759 1903 796 erat
1934 760 2050 799 tum

326 839 509 875 aureus
530 838 769 873 nummus
789 821 1033 893 ponderis
1057 819 1263 890 majoris
1281 863 1294 886 ‚
1312 834 1501 892 nempe
1528 835 1805 893 granorum
1827 816 1936 871 fere
1962 841 2046 890 131.

327 910 420 949 aut
446 917 537 965 132.
567 913 666 948 nec
693 894 973 970 pretiijam
1001 897 1133 946 tanti
1156 891 1429 967 scripulum
1447 936 1462 960 ,
1493 896 1676 966 quanti
1705 898 1855 968 prius,
1897 896 2048 949 Nam

327 989 485 1043 grana
506 991 590 1040 131.
608 968 724 1023 sena
736 971 850 1022 sunt
864 969 1106 1043 scripula,
1130 986 1251 1021 cum
1271 984 1457 1040 quarta
1475 967 1676 1042 scripuli
1695 984 1854 1042 parte.
1879 969 2048 1044 Qd

326 1046 364 1097 fi
385 1043 655 1118 scripulum
677 1047 788 1097 auri
810 1066 872 1099 21.
891 1062 1170 1117 granorum
1192 1088 1206 1111 ‚
1236 1042 1477 1096 sestertiis
1497 1042 1718 1095 sedecim
1752 1043 2046 1112 aestimetur‚

324 1120 432 1172 five
459 1120 678 1172 denariis
707 1123 965 1192 quaternis
985 1162 998 1185 ,
1027 1122 1243 1171 omnino
1278 1136 1517 1169 nummus
1546 1135 1726 1170 aureus
1765 1135 2046 1192 granorum

329 1215 437 1264 131.
461 1193 695 1267 aequabit
724 1195 964 1247 denarios
1004 1196 1216 1246 vicenos
1245 1196 1433 1265 quinos
1451 1211 1475 1261 ,⁸
1494 1193 1597 1246 five
1633 1192 1888 1245 sestertios
1919 1209 2044 1245 cen-

327 1285 457 1323 tum.
480 1272 661 1342 Qare
687 1288 803 1321 cum
835 1270 1028 1323 Plinius
1052 1267 1140 1323 lib.
1169 1287 1237 1322 xr
1258 1287 1308 1321 x,
1340 1267 1457 1321 sest.
1490 1288 1570 1323 1v.
1601 1265 1778 1341 bysfini
1800 1268 1889 1319 lini
1922 1267 2043 1319 scri-

320 1343 449 1419 pula
469 1389 483 1411 ,
509 1362 568 1396 ut
602 1347 742 1411 auri,
775 1358 1064 1417 permutata
1093 1344 1360 1416 quondam
1394 1347 1468 1395 a'i't
1499 1343 1715 1394 denariis
1745 1345 2042 1414 quaternis,

322 1421 414 1492 qui
430 1417 682 1474 sestertios
701 1418 922 1471 sedecim
946 1418 1179 1472 efficiunt
1196 1462 1210 1485 ‚
1230 1434 1342 1471 tum
1368 1421 1602 1492 priorum
1633 1415 1892 1471 Caesarum
1909 1433 2042 1471 tem-

323 1511 456 1568 pora
472 1494 710 1568 respicit,
731 1494 971 1566 cumjam
1004 1495 1337 1545 imminutum
1366 1495 1471 1545 auri
1491 1494 1710 1567 pretium
1739 1491 1865 1560 fuit,
1895 1493 2041 1566 quod

323 1584 435 1621 erat
472 1570 637 1640 major
660 1572 769 1622 auri
802 1572 953 1643 copia
973 1613 988 1636 ,
1019 1587 1114 1622 nec
1140 1569 1409 1642 angustum
1441 1614 1455 1636 ‚
1496 1584 1555 1620 ut
1597 1570 1720 1620 olim
1742 1612 1757 1636 ‚
1787 1572 2040 1623 aerarium.
2094 1565 2098 1567 ’

327 1643 466 1697 Cum
489 1645 741 1698 sestertios
764 1662 921 1715 porro
939 1647 990 1694 in
1011 1643 1204 1694 summa
1226 1642 1399 1713 aliqua
1419 1643 1734 1715 designanda
1753 1685 1767 1707 ‚
1790 1658 1881 1694 aut
1905 1642 2041 1694 indi-

321 1717 493 1770 cando
517 1721 715 1791 preti0,
747 1718 1049 1769 denariosve
1074 1718 1243 1782 audis,
1284 1733 1410 1768 cave
1432 1717 1559 1769 alios
1584 1716 1871 1789 intelligaS‚
1898 1717 2044 1789 apud

323 1793 544 1852 Latinos
564 1791 841 1865 scriptores
859 1837 872 1858 ‚
907 1810 1063 1863 quam
1088 1810 1217 1861 quos
1243 1793 1458 1861 antiqua
1488 1793 1682 1842 taxatio
1703 1835 1717 1858 ,
1743 1798 1796 1842 ὃς
1814 1793 2040 1843 nominis

321 1869 599 1939 originatio
619 1866 723 1940 ipsa
746 1865 1001 1932 declarat,
1033 1865 1123 1917 nisi
1152 1865 1244 1937 ipsi
1269 1867 1503 1916 amstmes
1531 1863 1862 1936 accipiendas
1889 1864 2042 1917 aliter

319 1958 475 1993 voces
501 1957 586 1992 eas
616 1942 966 2005 admoneant,
998 1954 1056 1991 ut
1077 1940 1234 2014 paulo
1272 1940 1386 2013 post
1410 1938 1604 1992 Plinius
1625 1982 1639 2005 ,
1671 1938 1817 2010 quod
1848 1939 1920 1991 est
1946 1940 2042 1992 ad-

318 2012 534 2066 modum
571 2013 890 2087 infrequens,
951 2017 1135 2085 Itaque
1163 2013 1445 2067 sestertium
1476 2032 1572 2087 pro
1602 2014 1734 2065 binis
1760 2012 1943 2066 affibus
1972 2031 2036 2067 ac

313 2088 508 2150 semisse
524 2133 538 2156 ,
563 2091 831 2142 denarium
854 2107 949 2163 pro
978 2090 1158 2143 affibus
1179 2089 1323 2141 denis
1340 2091 1555 2161 accipe:
1589 2106 1704 2160 qua:
1722 2090 1938 2159 antiqua
1959 2089 2036 2142 est

314 2181 489 2217 earum
518 2183 708 2217 vocum
730 2167 1003 2238 acceptiO,
1034 2170 1088 2217 ὅς
1120 2165 1301 2216 eadem
1330 2177 1531 2215 retenta
1559 2162 1761 2237 semper
1786 2180 1813 2214 a
1835 2166 2036 2220 Roma-

314 2241 390 2289 nis
420 2239 751 2313 scriptoribus
771 2282 786 2306 ,
817 2241 868 2289 in
888 2242 1058 2312 pretio
1081 2238 1287 2310 aliquo,
1318 2237 1579 2290 summave
1608 2236 1868 2312 signanda.
1898 2240 2035 2294 Vide

311 2315 514 2367 Anton.
538 2314 759 2388 August.
782 2313 1022 2390 Dialogo
1052 2335 1089 2372 1.
1115 2316 1294 2370 Veter.
1325 2316 1384 2370 N
1392 2314 1587 2368 umism.

362 2429 511 2506 Qd
534 2432 693 2504 effl‘cz't
719 2436 770 2484 in
796 2429 954 2485 libras
977 2472 994 2494 ,
1024 2437 1211 2487 ratione
1229 2431 1547 2507 ftstertiorum
1573 2435 1660 2503 qai
1689 2445 1801 2485 tunc
1822 2443 1991 2500 erant,

893 2508 1129 2583 fistertios
1164 2529 1202 2565 D
1219 2528 1251 2564 c
1269 2528 1302 2564 c
1321 2528 1354 2563 c
1369 2527 1419 2563 c.

385 2610 578 2670 Effecit
599 2661 613 2684 ‚
641 2618 845 2687 inquit,
880 2615 991 2668 haec
1022 2614 1191 2686 major
1221 2616 1332 2666 auri
1369 2612 1639 2665 aestimatio
1665 2657 1680 2681 ‚
1709 2629 1769 2665 ut
1793 2615 1845 2666 in
1878 2616 2033 2670 libras

313 2691 421 2739 auri
448 2688 667 2763 lingulas
697 2690 1014 2764 Respublica
1048 2690 1395 2744 lucrifaceret
1426 2687 1679 2740 sestertios
1706 2706 2030 2764 nongentos,

311 2779 490 2820 eorum
523 2763 721 2817 scilicet
747 2765 1068 2840 sestertiorum
1103 2771 1192 2835 qui
1227 2779 1344 2816 tunc
1377 2778 1549 2830 erant,
1582 2762 1687 2814 hoc
1728 2762 1801 2815 est
1833 2808 1847 2831 ,
1888 2783 2030 2818 anno

310 2854 347 2893 D
364 2855 403 2891 x
420 2856 449 2890 L
467 2858 502 2893 v
521 2861 536 2892 1
557 2860 591 2892 1.
636 2842 835 2912 quique
856 2841 966 2912 jam
997 2840 1064 2892 ab
1100 2857 1238 2892 anno
1257 2883 1270 2907 ‚
1298 2853 1357 2890 ut
1385 2839 1607 2890 diximus
1625 2881 1639 2904 ,
1680 2857 1718 2893 D
1737 2857 1775 2892 x
1792 2859 1831 2894 x
1848 2859 1886 2894 x
1902 2861 1969 2896 vr
1990 2859 2026 2893 1.

311 2916 576 2981 quaternis
604 2911 786 2966 affibus
812 2914 1257 2988 permutabantur.
1285 2911 1450 2987 Qd
1470 2911 1503 2964 fi
1525 2927 1829 2985 nongentos
1853 2912 2028 2967 sester-

311 2986 411 3035 tios
433 2984 774 3057 ejuscemodi,
808 2995 896 3060 qui
920 3004 1030 3045 tunc
1053 3002 1225 3050 erant,
1251 2986 1452 3040 lucrata
1486 2985 1774 3059 respublica
1805 2987 1905 3055 est,
1933 2990 2026 3060 igi-

310 3069 392 3108 tur
413 3060 667 3113 sestertios
693 3082 740 3119 M
763 3084 796 3121 c
812 3084 845 3122 c
863 3085 895 3121 c
915 3085 948 3121 c
966 3084 1004 3120 x
1020 3085 1070 3122 L.
1104 3065 1360 3118 lucratam
1390 3060 1491 3115 effe
1514 3058 1716 3114 necesse
1749 3060 1820 3114 est
1844 3078 2026 3115 eorum
