2228 3428
341 206 443 268 558
1057 196 1111 252 D
1164 201 1203 253 E
1306 198 1440 253 R.E

331 265 397 322 de
427 270 648 322 sestertio
670 316 684 338 ,
708 272 800 324 fol.
831 292 909 340 13.
941 277 994 325 ὃς
1027 274 1244 324 Budaeus
1267 317 1281 340 ,
1309 273 1414 325 loc.
1438 274 1524 325 cit.
1555 270 1772 326 denarios
1803 295 2048 333 DCCCC.

332 347 701 411 Hotomanus,
738 364 857 420 pag.
885 369 991 416 330.
1019 349 1252 419 sqfflertios
1291 365 1337 402 M
1357 367 1401 402 M
1421 367 1467 402 M
1489 369 1532 404 M
1557 367 1588 402 c
1607 368 1639 402 C
1663 365 1690 398 C
1711 368 1743 402 C
1763 369 1792 404 1.
1809 355 2053 426 X1V.Jo-

330 418 511 487 sephus
546 419 773 494 Scaliger
802 467 815 488 ,
856 420 944 476 lib.
986 424 1051 474 de
1085 440 1139 475 re
1177 427 1467 475 nummaria
1495 466 1507 488 ‚
1542 439 1658 494 pag.
1711 444 1799 495 50.
1841 427 2058 478 denarios

334 511 379 544 M
397 511 428 544 c
446 511 476 545 c
497 511 527 546 c
547 512 578 546 c
594 513 631 546 X
648 515 695 549 L.
737 497 818 548 vel
860 510 1000 549 certe
1018 541 1034 565 ,
1059 500 1231 570 inquit
1247 543 1261 565 ,
1296 519 1340 553 M
1364 518 1396 552 c
1415 517 1447 552 c
1466 517 1498 551 c
1517 517 1566 551 c.
1608 497 1853 570 negled‘cis
1882 501 1947 549 ad
1969 518 2052 553 ro-

331 566 547 616 tundum
573 567 903 643 solidumque
928 590 1199 624 numerum
1216 617 1230 639 ,
1262 573 1482 625 denariis
1515 590 1551 625 x
1569 591 1616 625 L.
1643 573 1806 644 Atqui
1839 571 1915 624 his
1945 590 2059 626 om-

332 639 509 708 nibus,
532 656 588 692 ut
616 643 833 697 diximus
853 691 866 711 ,
906 653 958 700 &
992 647 1203 699 codices
1231 650 1291 700 M
1311 649 1340 699 S
1359 649 1406 700 S.
1445 662 1627 697 omnes
1649 690 1662 713 ,
1689 651 1740 699 ὃ(
1770 646 1887 699 libri
1914 647 2062 716 editi,

334 715 384 765 ὅ(
410 718 551 766 aurei
583 724 810 786 nummi,
845 740 975 792 quos
1008 721 1172 772 modo
1194 722 1515 772 laudavimus
1535 763 1548 787 ,
1580 720 1926 776 adversantur.
1961 724 2063 775 Sed

333 788 473 840 haud
504 794 661 863 paulo
687 795 904 869 lepidius
928 795 1001 847 est
1021 840 1034 862 ,
1067 798 1213 867 quod
1245 798 1466 848 Savotus
1499 796 1783 862 existimat,
1809 814 1926 870 cap.
1962 815 2058 851 v11.

333 880 451 936 pag.
482 887 537 937 15
559 889 602 938 5.
631 869 707 921 his
736 871 904 922 verbis
923 914 936 936 ,
958 869 1276 943 sestertiorum
1301 876 1390 942 qui
1418 885 1532 922 tunc
1563 886 1707 922 erant
1726 917 1738 938 ‚
1771 870 1957 945 fignari
1987 869 2063 924 se-

335 938 539 990 stertios
564 942 806 1017 septuplo
847 947 1106 1017 graviores
1139 989 1153 1012 ‚
1195 963 1350 1018 quam
1392 943 1580 998 fuerint
1611 947 1848 1018 vulgares
1875 971 1884 999 :
1918 946 2065 1017 quod

339 1030 696 1070 commentum
733 1023 920 1071 merito
956 1020 1238 1073 Gronovio
1280 1018 1431 1072 risum
1463 1022 1632 1073 movit
1659 1064 1677 1085 ,
1704 1020 1792 1074 lib.
1839 1042 1853 1073 1
1883 1041 1897 1073 1
1927 1042 1970 1073 1.
2002 1022 2066 1073 de

337 1088 564 1141 sestertio
584 1136 596 1158 ‚
623 1110 739 1167 pag.
771 1115 872 1164 393.
895 1099 945 1148 &
967 1094 1177 1167 reliquae
1211 1094 1532 1146 eruditorum
1567 1095 1750 1146 turbae,
1782 1097 2067 1148 Prae'i'verat

341 1163 543 1215 Savoto
577 1170 858 1240 Agricola,
886 1172 973 1241 qui
1004 1185 1062 1221 ut
1090 1169 1230 1221 hunc
1258 1168 1458 1220 nodum
1492 1169 1740 1236 solveret,
1767 1169 1958 1242 triplex
1984 1171 2069 1222 de.

341 1240 602 1292 nariorum
635 1260 798 1316 genus
828 1260 1160 1296 commentus
1191 1244 1294 1310 est,
1319 1242 1407 1297 lib.
1446 1266 1462 1297 1
1491 1266 1534 1297 ι.
1569 1244 1632 1295 de
1659 1245 1921 1310 MonetiS,
1944 1261 2059 1318 pag.

344 1334 457 1382 279.
481 1315 850 1392 Dalecampius
877 1323 927 1370 in
959 1323 1098 1371 notis
1125 1319 1371 1373 Plinianis
1391 1364 1405 1383 ,
1434 1318 1702 1375 Salmasius
1733 1321 1784 1370 in
1813 1320 2069 1391 vegrandi

342 1390 484 1440 mole
508 1392 949 1445 Exercitationum
981 1396 1048 1445 ad
1080 1394 1310 1448 Solinum
1329 1438 1343 1462 ‚
1369 1393 1565 1467 Lipsius
1584 1396 1636 1443 in
1661 1394 1796 1445 libro
1823 1395 2068 1466 postumo

344 1462 409 1512 de
431 1482 484 1515 re
510 1471 796 1520 nummaria
822 1513 836 1536 ,
870 1470 1175 1522 Gronovius
1202 1486 1362 1544 opere
1394 1486 1519 1520 mox
1559 1469 1772 1520 laudato
1790 1513 1803 1537 ,
1837 1468 1983 1540 quod
2011 1470 2072 1520 de

334 1538 543 1610 fi'st‘ertio
580 1542 832 1616 inscripsit
857 1588 870 1610 ,
920 1547 1221 1614 ceterique,
1251 1545 1428 1597 locum
1468 1560 1585 1596 eum
1626 1545 1873 1596 intactum
1901 1588 1915 1612 ,
1955 1558 2070 1595 tan-

346 1630 499 1682 quam
530 1617 737 1669 foveam
756 1662 769 1684 ,
799 1618 1276 1690 praetergreffisunt.
1310 1621 1512 1671 Omnes
1527 1619 1594 1669 ad
1612 1618 1725 1669 haec
1745 1618 1904 1670 verba
1922 1662 1936 1685 ,
1957 1632 2072 1670 tan„

347 1705 503 1757 quam
535 1690 599 1740 ad
622 1688 887 1765 scopulum
906 1737 919 1759 ‚
943 1687 1267 1743 adhaeserunt
1286 1736 1299 1758 ,
1332 1692 1482 1762 Qod
1505 1694 1668 1761 effecit
1687 1698 1737 1743 in
1758 1691 1912 1743 libras
1930 1733 1944 1754 ,
1969 1700 2070 1749 &o

348 1765 445 1812 rati
474 1766 712 1816 nimirum
749 1785 886 1817 nunc
907 1784 934 1817 a
957 1766 1125 1821 Plinio
1157 1767 1363 1838 colligi,
1389 1766 1421 1817 si
1445 1765 1719 1838 scripulum
1739 1769 1842 1818 auri
1861 1771 2069 1820 unicum

348 1835 585 1889 sestertiis
618 1842 810 1892 vicenis
849 1841 1079 1908 valeret,
1111 1855 1245 1911 quot
1276 1840 1510 1893 sestertiis
1548 1840 1677 1891 libra
1710 1843 1916 1913 integra
1944 1841 2075 1896 vesti„

349 1913 539 1962 manda
560 1911 728 1966 foret:
756 1916 973 1987 perinde
998 1913 1140 1985 quasi
1165 1932 1273 1965 non
1302 1913 1356 1964 id
1387 1917 1542 1966 cuivis
1578 1914 1884 1967 numerandi
1909 1931 2074 1969 artem

349 1985 558 2036 callenti
597 1988 676 2038 vel
706 1987 1066 2053 mediocriter,
1102 1992 1151 2039 in
1178 2004 1433 2062 promptu
1474 1985 1604 2041 effer
1650 1989 1874 2045 efficere.
1916 1992 2076 2044 Aliud

347 2057 464 2111 iane
490 2062 806 2114 reconditius
828 2063 996 2115 voluit
1023 2063 1280 2115 indicare:
1300 2078 1498 2134 quanta
1516 2062 1737 2131 scilicet,
1761 2079 1819 2116 ut
1836 2064 2073 2134 diximuS,

349 2131 480 2183 lucri
503 2136 720 2188 acceslio
744 2139 909 2204 foret,
942 2150 1199 2209 quantum
1228 2138 1510 2210 proficeret
1535 2143 1767 2191 aerarium
1788 2139 2073 2212 publicum,

352 2223 473 2259 cum
499 2211 663 2281 major
683 2212 808 2264 effet
831 2217 938 2264 auri
964 2214 1233 2264 aestimatio
1253 2256 1266 2278 ,
1297 2227 1664 2286 taxare‘turque
1680 2217 1870 2267 vicenis
1896 2213 2075 2267 sester-

352 2282 433 2332 tiis
449 2327 462 2350 ‚
487 2287 634 2356 quod
666 2289 881 2339 minoris
897 2303 1052 2341 antea
1067 2287 1233 2339 multo
1257 2289 1622 2355 aestimaretur,
1652 2307 1841 2363 nempe
1859 2334 1872 2357 ‚
1897 2305 1952 2341 ut
1971 2292 2078 2342 col-

348 2353 509 2426 ligere
525 2362 685 2412 cuivis
713 2362 948 2434 proclive
978 2363 1051 2414 est
1073 2406 1093 2429 ,γ
1116 2361 1363 2414 subducta
1382 2405 1403 2426 ,.
1418 2377 1474 2413 ut
1498 2361 1714 2416 fecimus
1730 2408 1744 2431 ,
1774 2366 1974 2416 ratione
1999 2366 2074 2416 lu-

352 2433 423 2480 cri
443 2476 455 2496 ,
488 2433 731 2486 sestertiis
753 2451 957 2487 tantum
987 2437 1276 2507 quindenis,
1333 2439 1481 2490 Nam
1511 2454 1702 2508 praeter
1728 2438 1936 2511 planam
1958 2457 2076 2512 per-

351 2498 684 2579 spicuamque
715 2510 1018 2562 sententiam
1037 2553 1050 2573 ,
1084 2528 1198 2581 quae
1221 2509 1305 2562 sua
1329 2510 1512 2562 seluce
1542 2526 1745 2577 tuetur,
1774 2516 1822 2563 id
1854 2517 2075 2567 maxime

352 2579 663 2648 persuadet,
691 2583 837 2656 quod
867 2585 918 2634 in
949 2587 1132 2636 ceteris
1157 2588 1388 2658 pecunia:
1417 2586 1689 2657 generibus
1715 2630 1728 2652 ,
1763 2604 1862 2638 aere
1893 2590 2076 2639 videli-

355 2668 440 2704 cet
459 2698 471 2720 ,
499 2673 852 2730 argentoque,
882 2660 992 2731 pari
1017 2659 1286 2730 diligentia
1315 2675 1568 2731 quantum
1600 2661 1726 2711 lucri
1759 2659 2077 2734 Respublica

351 2723 584 2797 fecisset,
615 2732 720 2806 ipse
736 2738 951 2806 aperuit.
984 2741 1083 2786 Im¹
1110 2741 1324 2805 quinque
1337 2734 1674 2802 pamesfirflae
1693 2735 1842 2798 lucri,
1873 2740 2062 2807 inquit,

354 2800 714 2878 alzffiol'ntumqrze
750 2827 812 2860 ιω
847 2809 1086 2862 alienum..
1139 2812 1205 2863 Et
1237 2828 1361 2861 mox
1389 2854 1401 2876 ,
1425 2812 1474 2860 in
1509 2810 1845 2862 aestimatione
1878 2814 2078 2882 argenti

352 2881 580 2949 majore,
615 2891 708 2934 lta
737 2883 1033 2952 Respublica
1059 2884 1311 2936 dimidium
1342 2885 1537 2936 lucrata
1568 2887 1639 2955 est.
1704 2884 1844 2959 Qid
1873 2885 2088 2936 similius

352 2959 455 3004 veri
476 2998 489 3020 ,
520 2974 673 3026 quam
712 2959 870 3012 simile
894 2958 1225 3033 Reipublicae
1257 2961 1449 3011 lucrum
1489 2961 1537 3009 in
1570 2978 1698 3010 auro
1731 2962 1928 3033 fignare
1968 2959 2071 3011 Pli-

350 3029 489 3079 nium
523 3031 741 3087 voluisse
759 3033 836 3088 his
872 3033 1039 3088 verbis
1069 3061 1080 3089 z
1108 3035 1255 3105 Qod
1284 3037 1444 3105 effecit
1461 3041 1511 3087 in
1536 3033 1693 3088 libras
1807 3076 1816 3087 .
1842 3036 2084 3109 ststei*ti05‚

347 3117 627 3159 DCCCC?
