2228 3428
734 223 1433 284 ILLUSTRATI.
1842 259 1941 313 4315

362 299 538 374 leagei·
568 343 582 368 ,
619 297 705 352 vel
735 301 1034 354 Gordianus
1068 302 1174 375 ipse
1202 305 1377 375 potius
1407 348 1422 371 ‚
1456 319 1640 378 aprum
1669 310 1930 372 confodit.

362 374 552 428 Similis
582 373 654 427 est
677 381 730 428 ὃς
763 375 895 428 alter
916 379 967 426 in
991 379 1179 427 eodem
1210 378 1434 430 Cimelio
1452 423 1465 445 ,
1492 384 1663 437 Decii.
1720 389 1946 443 Virtutis

362 451 414 501 id
441 448 637 502 bellicae
653 452 704 502 in
730 449 969 521 Augusto
992 446 1282 521 symbolum
1303 452 1404 506 est:
1430 456 1568 508 unde
1591 462 1643 510 ὃς
1677 462 1942 516 Commo-

363 524 458 576 dus
485 526 536 578 in
554 543 771 577 nummo
801 525 965 576 Gazae
995 526 1173 596 Regiae
1203 543 1266 581 ex
1298 544 1438 598 equo
1464 527 1671 583 leonem
1705 538 1942 609 conficit,

367 616 485 650 cum
518 616 578 651 ea
600 597 883 671 epigraphe
902 642 916 665 ,
947 601 1227 655 VIRTVS
1261 602 1311 652 A
1331 604 1381 656 V
1403 603 1475 656 G.
1503 611 1678 659 Virtus
1711 617 1940 686 Augusti,

289 686 330 734 C
348 687 390 731 A
408 687 459 730 M
481 687 503 730 I
521 685 569 731 Ω
588 688 649 731 N.
679 673 909 726 Gallieni
939 691 1211 741 nummus,
1254 693 1370 727 cum
1394 677 1613 749 Junonis
1643 683 1831 757 clypeo
1859 707 1942 741 ar-

361 764 511 802 matae
544 747 731 820 effigie.
768 749 860 803 IV
882 750 937 802 N
967 750 1020 802 O
1061 750 1123 803 M
1144 750 1191 802 A
1213 753 1259 805 R
1279 753 1368 804 TI
1393 756 1433 804 A
1456 753 1539 806 LI
1563 756 1593 808 S
1635 774 1856 814 vocatur
1886 767 1938 816 in

361 825 584 875 nummis
612 822 869 895 Philippi,
896 822 1071 891 Galli,
1107 829 1158 878 &
1184 825 1469 882 Volusiani.

289 915 347 959 M
364 912 409 956 H
425 912 550 956 NH.
591 906 638 959 Σ
657 909 693 953 Α
715 908 771 954 Μ
792 910 814 954 1
835 909 883 956 Ω
907 912 967 956 Ν.
995 907 1144 952 Luna
1171 907 1472 969 Samiorum,
1503 906 1644 977 apud
1673 909 1935 982 Patinum,

361 992 478 1049 pag.
502 980 572 1046 58.
599 992 706 1045 quo
732 977 783 1024 in
800 992 1016 1026 nummo
1038 991 1196 1048 caput
1219 981 1460 1030 turritum
1479 1021 1494 1045 ,
1512 995 1630 1031 cum
1660 983 1818 1037 Lunae
1842 987 1938 1040 fal-
1964 996 1967 997 ’

363 1065 492 1101 catae
521 1048 710 1120 effigie.
741 1049 936 1103 Eadem
973 1066 1097 1102 vero
1129 1052 1274 1104 Luna
1294 1096 1307 1119 ,
1340 1071 1454 1125 quae
1484 1058 1537 1107 &
1566 1054 1705 1129 Juno
1724 1101 1739 1125 ‚
1773 1064 1939 1115 credi-

365 1138 464 1178 tur.
496 1125 688 1177 Cicero
711 1169 724 1191 ,
757 1121 847 1181 hb.
892 1148 907 1180 1
937 1145 981 1180 1.
1011 1124 1078 1178 de
1105 1128 1235 1182 Nat.
1271 1131 1440 1183 Deor.
1486 1134 1721 1184 Dianam
1745 1135 1806 1196 5<-
1830 1148 1939 1192 Lu„

361 1216 482 1251 nam
507 1199 709 1253 eandem
736 1196 820 1268 effi
841 1215 1042 1270 putant.
1076 1213 1228 1258 Luna
1269 1223 1303 1254 a
1329 1203 1522 1256 lucendo
1559 1215 1822 1261 nominata
1849 1217 1939 1282 est,-

363 1275 536 1326 eadem
563 1293 666 1329 cum
697 1282 908 1331 Lucina.
967 1283 1190 1349 Itaque,
1213 1292 1269 1329 ut
1292 1278 1430 1348 apud
1455 1289 1636 1335 Graecos
1667 1289 1936 1359 Dianam,

363 1369 570 1422 eamque
601 1352 889 1417 Luciferam
908 1376 921 1403 .·
933 1351 1005 1426 stc
1036 1352 1174 1422 apud
1215 1372 1294 1407 nos
1335 1362 1570 1408 Iunonem
1602 1365 1850 1414 Lucinam
1887 1374 1938 1419 in

358 1427 594 1496 pariendo
617 1432 867 1481 invocant.
901 1434 1087 1482 Diana
1119 1427 1254 1480 diffia
1273 1470 1289 1491 ,
1320 1437 1442 1500 quia
1471 1432 1608 1483 noc‘i‘u
1644 1437 1791 1508 quast
1814 1440 1937 1495 diem

364 1503 587 1564 efficeret.
638 1502 713 1552 Ex
743 1517 890 1574 parte
911 1503 1072 1555 altera
1094 1547 1109 1569 ,
1139 1514 1342 1563 IEPON
1383 1514 1427 1565 Σ
1443 1516 1482 1560 Υ
1499 1519 1544 1563 Ν
1563 1518 1604 1564 Κ
1626 1520 1671 1567 Λ
1691 1522 1738 1567 H
1754 1523 1794 1568 T
1810 1528 1855 1573 O
1872 1530 1933 1576 N,

363 1580 567 1627 Sacrum
595 1581 845 1629 Senatum.

285 1658 465 1710 ΣΑΜ
486 1661 508 1706 Ι
530 1661 656 1707 ΩΝ.
722 1652 898 1717 Pav0,
929 1668 1045 1703 cum
1078 1652 1281 1725 sceptro
1302 1655 1569 1728 Junonio:
1601 1657 1692 1711 sub
1719 1661 1939 1736 pedibus

359 1726 606 1778 Mercurii
635 1724 922 1778 caduceum
952 1725 1139 1779 habet:
1168 1728 1379 1785 ibidem.

217 1822 220 1825 ·
288 1808 335 1861 Σ
351 1814 393 1856 A
410 1812 465 1856 M
483 1814 505 1857 1
523 1811 572 1857 Ω
594 1801 807 1873 N.Juno
831 1801 997 1853 velata
1014 1845 1028 1868 ,
1062 1821 1176 1854 cum
1206 1803 1429 1877 sceptro,
1452 1807 1609 1881 Apud
1637 1810 1937 1886 Goltzium‚

364 1879 415 1927 in
445 1877 616 1928 insulis
652 1878 872 1929 Graeciae
901 1919 915 1944 ‚
954 1876 1093 1931 Tab.
1136 1895 1276 1933 xvi.
1314 1880 1620 1951 Fulgentius
1647 1928 1661 1952 ,
1705 1887 1793 1942 lib.
1847 1912 1861 1943 1
1892 1914 1936 1948 ι,

365 1949 603 2023 Mythol.
637 1967 751 2023 cap.
784 1971 800 2003 1
824 1971 893 2003 11.
931 1957 1061 2003 Iuno
1092 1963 1244 2026 regnis
1271 1954 1460 2025 praeeffi’
1491 1956 1698 2015 dicitur.
1718 2001 1728 2013 .
1758 2004 1799 2016 ..
1829 1965 1940 2016 ideo

364 2030 516 2079 etiam
539 2042 641 2076 cum
650 2024 840 2099 sceptro
856 2032 1106 2100 pingitur.
1125 2071 1162 2082 ..
1199 2035 1258 2082 V
1255 2029 1386 2080 elato
1416 2036 1572 2083 etiam
1605 2039 1767 2102 capite
1789 2045 1938 2093 luno„

362 2118 468 2152 nem
495 2104 715 2169 ponunt,
750 2106 854 2154 &a
899 2103 1210 2174 DeJunone
1240 2103 1408 2156 velata
1444 2104 1593 2180 plura
1624 2110 1854 2166 dicemus
1879 2119 1932 2172 in

363 2177 584 2227 nummis
620 2185 665 2237 Σ
680 2189 722 2232 A
739 2189 773 2231 P
792 2188 840 2233 Δ
859 2189 881 2232 Ι
906 2191 942 2233 Α
960 2191 1005 2234 Ν
1024 2189 1073 2235 Ω
1092 2192 1153 2234 N.

284 2258 396 2308 ΔΗ
413 2264 527 2310 ΜΟ
550 2266 590 2310 C
632 2266 673 2311 C
693 2265 856 2310 ΑΜΕ
876 2264 897 2308 1
918 2265 968 2311 Ω
985 2268 1044 2311 Ν.
1074 2253 1288 2323 Populus
1317 2260 1625 2324 Samiorum,
1648 2258 1827 2316 habitu
1859 2269 1931 2319 vi-

361 2327 473 2394 rili,
500 2329 701 2382 Genius
729 2331 948 2380 civitatis
979 2327 1083 2401 ipse
1115 2330 1188 2381 est
1212 2374 1227 2397 ,
1273 2331 1422 2402 quod
1459 2335 1769 2405 Nomium,
1809 2339 1935 2396 dum

364 2401 576 2454 Goltzii
596 2403 858 2456 Graeciam
877 2400 1096 2456 illustrat
1112 2447 1129 2471 ,
1148 2404 1299 2478 fugit.
1319 2406 1395 2459 Ex
1415 2423 1562 2480 parte
1578 2409 1736 2463 altera
1753 2457 1768 2481 ,
1796 2414 1937 2470 Mer..

362 2480 531 2529 curius
556 2496 672 2529 cum
702 2475 877 2552 petaso
895 2521 908 2544 ,
935 2477 1117 2530 dextra
1147 2496 1446 2532 crumenam
1463 2526 1477 2549 ‚
1501 2481 1628 2535 laeva
1649 2487 1936 2546 caduceum

364 2555 514 2622 gerit.
542 2555 706 2622 Ἑρμῆν
737 2553 1012 2618 Χαωᾶὶῖπίω
1050 2556 1206 2608 Samii
1231 2554 1456 2608 coluere.
1517 2560 1853 2633 Plutarchm,
1883 2570 1937 2620 in

369 2628 564 2701 Qaest.
595 2630 827 2696 GraeciS,
859 2647 979 2701 pag.
1011 2649 1116 2698 303.
1161 2630 1268 2686 Διοὲ
1295 2631 1339 2687 τί
1366 2631 1454 2690 ’τοῖς
1489 2634 1691 2706 Σαμίοις
1719 2638 1834 2695 δ’πω
1872 2645 1946 2699 ‘tal-²

368 2699 850 2775 ΕρρᾷτζὲΧαελᾸὶῖτῳ
881 2704 1048 2771 θῦωστ,
1081 2705 1270 2766 κλὲσὲἱειν
1306 2706 1485 2774 ἔφὲἶπω
1513 2712 1583 2764 wl’
1602 2715 1869 2786 βουλομῖἅῳ
1896 2721 1934 2789 29*

364 2778 676 2848 λωτιυδυπῖιι5
710 2787 814 2834 Cur
826 2784 1040 2840 Samiis,
1060 2796 1163 2830 cum
1189 2788 1444 2835 Mercurio
1477 2782 1778 2851 Charidotae,
1799 2791 1933 2857 (hoc

364 2850 466 2918 est,
496 2852 754 2906 Munifico
773 2861 795 2924 )
816 2852 1097 2926 sucrificant
1113 2894 1129 2917 ‚
1150 2855 1265 2907 licet
1278 2852 1450 2919 furari
1468 2876 1536 2911 ac
1561 2862 1707 2927 vestes
1731 2862 1941 2919 aliorum

351 2926 626 3001 surripere,
649 2928 697 3005 fi
712 2936 820 3000 quis
846 2929 901 2983 id
910 2928 1082 2994 facere
1109 2930 1268 2983 velit?
1291 2931 1573 3001 Adjefflmm
1601 2950 1850 3007 praeterea
1879 2943 1937 2993 in>

361 3020 426 3055 eo
456 3022 670 3055 nummo
704 3003 998 3063 Sacerdotis
1024 3022 1218 3059 nomen
1240 3050 1254 3072 ‚
1282 3016 1441 3064 ΕΠῙ.
1491 3018 1935 3074 ΛΥΕΑΝΔΡΟΥ,

362 3090 554 3138 1ΕΡΕ.
589 3080 706 3138 ’Em‘
737 3080 1000 3154 Aum'vsxoov
1034 3079 1188 3154 ἱερέως.
1222 3079 1323 3137 Sub
1350 3082 1608 3213 Lysafcffrq
1640 3089 1919 3170 ⁴sacerdota,

1581 3178 1598 3212 1
1649 3179 1685 3234 ῃ
