2228 3428
394 234 475 290 66
828 226 1187 284 NUMMI
1243 225 1684 305 ANTIQUI

466 316 511 366 ,Α
528 318 566 365 P
583 313 720 361 AB‘I
738 311 818 359 A.·
859 304 1078 358 Graecus
1115 303 1375 357 Hadriani
1401 319 1641 355 nummus
1661 343 1679 370 ,
1706 306 1758 359 in
1782 324 1891 381 quo
1920 313 2110 370 turrita.

539 380 726 432 mulier
746 381 983 453 geminos
1008 378 1166 431 Ῐειᾶειῑ
1187 377 1414 433 infantes
1430 421 1444 448 ‚
1471 393 1502 430 e
1520 377 1746 431 Cimelio
1772 385 1966 457 Regio,

463 456 513 511 A
532 457 583 512 R
603 456 651 510 A
677 462 733 512 Β.
769 455 818 507 Α
838 456 892 510 D
913 455 1064 529 QVI
1083 456 1131 508 S.
1166 456 1344 508 Severi
1372 496 1386 520 ‚
1426 453 1566 525 apud
1603 455 1884 509 Oeconem
1915 503 1931 528 ‚
1980 478 2105 536 pag·

539 549 632 602 353.
666 546 787 582 cum
819 532 1044 583 victoria:
1079 531 1249 581 icone.
1309 529 1608 598 Spartianus
1643 532 1698 581 in
1723 530 1949 601 Sever0‚
1981 554 2102 610 pag.

540 610 626 676 67.
647 610 797 661 Circa
819 602 1079 663 Arabiam
1091 601 1242 672 plura
1256 601 1399 676 gestit
1412 645 1536 658 .....
1563 609 1740 677 Atque
1768 603 1825 656 ob
1842 602 1931 659 hoc
1948 627 2104 665 rever.

523 677 613 752 fios
636 679 876 750 triumpho
901 678 1066 732 delato
1101 675 1383 747 appellatus
1412 680 1474 746 est
1495 683 1557 734 A
1569 686 1694 734 ΚΑ
1709 686 1762 735 B
1777 688 1816 734 I
1834 689 1878 735 C
1895 689 2013 741 VS.
2036 686 2105 739 Et

536 772 657 827 pag.
690 777 775 827 71³
797 754 1014 810 Araba
1037 761 1088 811 in
1110 753 1401 806 deditionem
1424 761 1624 826 accepit.
1657 758 1772 812 Sex.
1801 757 1977 813 Aurel.
2010 762 2106 814 Vi-

538 831 682 883 ἃοῑε
707 838 894 905 Neque
920 839 1073 886 minus
1097 828 1312 884 Arabas
1331 873 1346 893 ,
1359 827 1513 903 fimul
1532 830 1731 884 adortus
1760 846 1816 884 ut
1834 834 1926 900 est,
1956 840 2005 887 in
2025 833 2104 885 di-

533 908 716 959 *tionem
741 907 926 981 redegit
929 912 1201 975 provinciae
1225 904 1378 960 modo.
1400 905 1670 958 Adiabene
1692 926 1885 978 quoque
1901 949 1914 970 ,
1939 918 1990 961 m'
2010 923 2104 962 ter..

532 997 700 1032 rarum
723 990 899 1035 macies
921 983 1299 1052 despec'laretur,
1330 988 1379 1034 in
1402 979 1689 1038 tributarios
1718 981 2102 1054 conceſjiffi’aob

531 1050 635 1107 haec
651 1072 799 1110 tanta
826 1057 1105 1112 Arabicum
1124 1098 1140 1120 ‚
1157 1054 1524 1115 Adiabenicum
1543 1102 1558 1127 ‚
1585 1059 1645 1122 ό·
1674 1059 1913 1116 Parthici
1937 1079 2102 1136 cogno-

530 1147 687 1185 mento
722 1140 910 1187 Patres
938 1133 1117 1187 dixere.

377 1203 428 1257 A
449 1203 498 1260 R
519 1208 566 1260 A
591 1209 630 1264 B
649 1210 700 1263 R
720 1210 742 1261 I
764 1210 815 1262 G
836 1213 900 1264 A.
963 1211 1024 1263 M
1052 1212 1101 1263 V
1132 1210 1209 1263 N.
1253 1213 1593 1277 Municipium
1639 1208 1927 1283 Arabriga.
1989 1212 2106 1263 Caii

527 1281 740 1334 Caesaris
769 1301 1012 1336 nummus
1030 1301 1057 1335 e
1077 1283 1346 1341 Thesauro
1370 1284 1575 1336 Goltzii
1594 1327 1608 1350 ‚
1634 1301 1751 1356 pag.
1774 1307 1880 1353 242.
1906 1282 2100 1353 Plinio,

523 1354 613 1408 lib.
648 1378 668 1410 1
686 1376 734 1409 v.
764 1354 881 1412 feci.
901 1376 1022 1412 xxx
1040 1378 1090 1414 v,
1122 1356 1506 1430 Arabricenfts,
1529 1361 1578 1409 in
1607 1358 1889 1411 Lusitania.
1916 1360 2097 1412 Ptole-

523 1446 658 1482 maeo
679 1474 693 1496 ,
717 1431 806 1486 lib.
845 1455 861 1487 ι
890 1455 932 1486 1.
955 1451 1068 1506 cap.
1086 1432 1446 1503 v.'A592‘C0;wc.
1472 1432 1631 1505 Apud
1662 1434 1949 1486 Gruterum
1979 1451 2098 1510 pag,

524 1509 626 1559 162.
661 1521 807 1558 vetus
835 1506 1098 1582 inscriptio
1119 1552 1133 1574 ‚
1172 1510 1218 1560 A
1239 1511 1290 1562 R
1310 1510 1410 1560 AB
1432 1510 1483 1562 R
1503 1510 1522 1559 Ι
1545 1508 1598 1560 G
1616 1506 1729 1562 EN
1747 1510 1776 1561 S
1798 1509 1837 1561 E
1855 1510 1901 1562 S.

371 1587 414 1632 ,Α
433 1589 469 1633 Ρ
485 1589 526 1635 A
546 1590 596 1637 Δ
613 1592 635 1636 Ι
656 1592 705 1639 Ω
722 1595 782 1638 Ν.
826 1582 1007 1637 Passim
1052 1584 1280 1635 occurrit
1305 1586 1357 1634 in
1386 1583 1624 1636 nummis,
1688 1581 1860 1637 Plinio
1877 1625 1892 1649 ,
1924 1581 2010 1637 lib.
2047 1604 2095 1641 v.

518 1653 635 1708 sect.
668 1675 746 1708 xv
763 1680 781 1713 1
801 1679 835 1711 1.
870 1657 1075 1713 Arados
1097 1663 1201 1711 &a
1225 1660 1285 1710 ln
1312 1659 1525 1711 Notitia
1551 1655 1850 1725 Hieroclis,
1876 1675 1993 1731 pag.
2022 1665 2098 1716 61.

518 1729 726 1783 Aradus
761 1738 816 1785 &
853 1732 1180 1800 Antaradus,
1205 1749 1301 1785 ceu
1329 1734 1433 1784 duo
1471 1731 1673 1784 diversa
1703 1735 1900 1806 oppida
1950 1734 2096 1807 Epis-

517 1805 694 1878 copali
713 1806 906 1860 decore
931 1809 1144 1881 insignia
1172 1807 1504 1880 appellantur
1521 1852 1535 1874 ,
1553 1810 1603 1858 in
1625 1809 1908 1860 Provincia
1938 1808 2092 1863 Phoe.

515 1881 664 1933 niciae
689 1882 901 1942 Paraliae
925 1926 939 1950 ,
970 1882 1073 1936 sive
1102 1885 1370 1935 maritimae
1399 1908 1410 1936 ι
1445 1883 1635 1949 credO,
1660 1879 1936 1935 mendose:
1972 1903 2092 1937 cum

513 1956 777 2028 utriusque
806 1958 985 2032 oppidi
1008 1975 1170 2010 unum
1203 1955 1351 2009 fuisse
1379 1958 1685 2009 Antistitem
1716 1959 1907 2008 merito
1933 1956 2089 2032 suspi-

511 2045 691 2081 cemur
714 2076 728 2098 ,
765 2049 828 2084 ex
860 2051 887 2085 e
927 2030 1074 2084 istola
1097 2030 1454 2086 Orientalium
1479 2032 1683 2083 decima
1715 2035 1894 2098 tertia,
1918 2034 1967 2083 in
1998 2051 2090 2085 au-

511 2105 670 2155 c'tario
701 2050 1037 2160 Theodzreti
1067 2149 1081 2172 ,
1122 2124 1240 2180 pag.
1284 2115 1403 2179 564.
1438 2109 1519 2158 cui
1545 2102 1817 2159 subscribit
1854 2107 2088 2181 iiflusaeus

507 2179 767 2254 Epzfiopus
798 2181 1014 2237 Aradiae
1052 2184 1359 2244 Tentartdz',
1393 2196 1644 2254 corrupte
1679 2225 1694 2248 ‚
1736 2196 1794 2233 ut
1830 2199 2084 2256 apparet²

506 2269 605 2325 pro
639 2257 817 2307 Aradi
845 2254 906 2317 ἄν
933 2255 1220 2309 Antaradi.
1250 2255 1355 2307 Sed
1379 2268 1437 2304 ut
1465 2269 1523 2304 ut
1543 2254 1645 2318 est,
1674 2255 1961 2326 posteriore
1988 2277 2086 2308 no-

504 2329 647 2385 mine
676 2330 956 2395 Antaradi,
988 2331 1039 2379 in
1061 2327 1144 2382 illa
1173 2327 1280 2401 ipsa
1309 2329 1526 2383 Notitia
1550 2328 1844 2381 Marathon
1868 2329 2087 2405 intelligi

505 2398 646 2454 haud
678 2402 956 2455 obscurum
986 2403 1091 2470 est,
1120 2420 1236 2454 cum
1280 2402 1518 2456 Marathi
1552 2402 1750 2474 alioqui
1799 2405 1943 2456 nulla
1984 2406 2084 2457 ibi-

500 2477 626 2540 vdem
651 2482 852 2530 mentio
873 2478 969 2530 alia
994 2476 1262 2532 habeatur.
1291 2477 1430 2533 Vide
1454 2495 1570 2549 quae
1596 2479 1819 2530 diximus
1842 2481 1890 2531 in
1913 2482 2082 2534 Notis

504 2557 560 2604 &
586 2553 804 2607 Emend.
843 2553 909 2604 ad
945 2550 1032 2605 lib.
1067 2572 1116 2607 v.
1146 2571 1288 2606 num.
1322 2572 1488 2608 XLvi
1509 2575 1526 2606 ι
1547 2573 1584 2606 1.
1617 2552 1806 2625 quibus
1847 2554 1958 2605 liaec
1987 2558 2082 2607 ad-

494 2626 656 2698 jicere
690 2627 956 2684 corollarii
981 2630 1096 2680 vice
1127 2646 1298 2701 operae
1330 2630 1551 2702 pretium
1582 2626 1741 2680 visum
1766 2627 1873 2695 est,
1908 2629 2079 2684 alieno

495 2704 672 2775 potius
707 2704 830 2756 loco
857 2747 871 2771 ,
917 2721 1074 2777 quam
1110 2703 1274 2758 nullo,
1315 2705 1378 2756 In
1414 2720 1632 2755 nummo
1680 2721 1841 2776 porro
1890 2717 2076 2762 APA-

496 2786 590 2843 ΔΙ
610 2790 659 2836 Ω
678 2793 725 2837 Ν
755 2825 769 2847 ,
812 2797 842 2831 e
870 2778 1093 2833 Cimelio
1122 2782 1329 2852 Regi0‚
1361 2778 1603 2850 adjicitur
1635 2779 1839 2850 epocha
1878 2823 1892 2843 ,
1953 2793 1989 2838 Ε
2014 2792 2072 2836 T.

499 2860 542 2916 Z
559 2867 681 2925 ΟΥ.
718 2854 820 2906 hoc
838 2855 936 2922 est,
963 2854 1057 2911 ἔπι
1085 2852 1199 2930 υοζ.
1219 2872 1359 2907 anno
1393 2873 1427 2908 c
1443 2872 1476 2908 c
1496 2873 1528 2907 c
1549 2873 1627 2909 cL
1644 2873 1735 2908 XX
1751 2874 1785 2906 v
1809 2876 1826 2908 1
1844 2875 1881 2908 1.
1906 2854 2072 2931 Qod

493 2927 532 2978 fi
559 2931 871 2983 Aradiorum
892 2974 906 2996 ,
937 2945 995 2982 ut
1028 2944 1174 2982 extra
1194 2930 1411 2983 dubium
1445 2929 1548 2997 est,
1583 2929 2065 3003 Tripolitanorum-

495 3019 601 3070 que
620 3046 635 3067 ,
659 3009 748 3078 qui
769 3005 1037 3076 'conjuncti
1060 3006 1265 3056 Aradiis
1287 3005 1466 3071 fuere,
1494 3002 1666 3056 fimilis
1693 3020 1793 3055 aera
1821 3004 1923 3057 est:
1949 3022 2067 3056 cum

494 3072 687 3139 horum
702 3097 943 3133 nummus
959 3121 975 3147 a
993 3080 1077 3131 cui
1090 3095 1252 3131 annus
1269 3075 1560 3136 inscribitur
1581 3097 1618 3136 D
1635 3097 1674 3133 x
1689 3099 1728 3136 x
1745 3098 1784 3136 X
1798 3098 1835 3135 1.
1854 3080 2067 3134 tertium
