2228 3428
682 188 1373 245 ILLUSTRATI.
1820 194 1915 270 285

350 266 562 335 quidem
584 264 927 339 Spanhemius
948 267 1345 337 interpretatur,
1369 267 1458 338 qui
1476 282 1743 320 nummum
1765 270 1910 326 hune

349 340 750 394 ‘Laodicenfium
777 336 935 393 affert
973 356 1002 390 e
1033 338 1260 390 Cimelio
1301 339 1550 394 Mediceo
1571 386 1586 409 ,
1621 340 1709 397 lib.
1728 344 1794 398 de
1820 345 1911 400 usu

351 415 586 468 numissn.
609 433 725 488 pag.
754 420 868 485 692.
895 431 989 463 nos
1011 412 1213 472 Eat-Giton
1227 411 1478 465 malumus
1500 422 1516 485 )
1535 418 1768 496 Εὔτυχοῦς
1789 423 1910 493 'Af-

350 490 532 565 Qefe'esg
554 490 835 556 τςισχοάὲὶχᾳ
859 487 1050 544 πόλεων.
1084 486 1272 541 84ὂῖΗο
1301 486 1512 563 EufyChe
1537 496 1776 563 I'Ontffice
1790 516 1907 555 x111.

347 573 641 619 Civitatum
662 606 676 627 ‚
720 564 907 636 quibus
933 561 1065 614 Afiae
1094 559 1284 612 scilicet
1308 579 1586 617 commune
1607 567 1907 641 constabat,

352 655 410 690 ut
438 641 559 691 alibi
583 638 962 692 adnotavimus.
988 634 1127 688 Vide
1167 649 1261 693 ΡΟ
1277 647 1324 692 Δ
1339 649 1360 692 Ι
1381 650 1431 695 Ω
1448 650 1507 695 Ν.

269 724 480 775 ΖΕΥΣ
519 720 1138 776 ΦΙΑΑΔΕΑΦΕΩΝ
1185 722 1326 768 KAI
1372 724 1908 780 ΛΑΟΔΙΚΕΩΝ.

349 790 485 843 Vide
520 796 1133 849 ΦΙΑΑΔΕΛΦΕΩΝ
1164 786 1355 862 Lydiae.

202 876 369 925 AAO
385 877 431 920 Δ
451 875 473 918 I
489 876 580 921 ΚΕ
600 876 650 920 Ω
669 876 715 919 Ν
749 862 822 913 ad
850 861 1106 918 Libanum
1122 863 1259 937 ,sive
1290 868 1341 914 in
1373 869 1521 936 Syria
1551 867 1691 923 Caele,

271 951 541 996 ΛΑΟΔΙ
563 949 801 997 ΚΕΩΝ.
833 947 883 993 Π
906 949 1073 995 POC.
1111 948 1455 998 ΛΙΒΑΝΩ.
1485 943 1712 996 Nummi
1745 945 1908 999 Cara..

349 1011 492 1067 callae
525 1018 575 1066 in
607 1013 834 1068 Cimelio
858 1015 1046 1087 Regio.
1081 1011 1284 1081 Plinio,
1314 1013 1466 1069 lib.v.
1490 1016 1610 1074 seer.
1634 1038 1744 1076 x1x.
1774 1029 1916 1075 Lao..

348 1088 505 1141 dicem'
524 1131 540 1152 ,
567 1096 654 1161 qui
680 1088 754 1140 ad
778 1086 1027 1142 Libanum
1055 1096 1460 1162 cognominantur.
1518 1095 1634 1148 Hic
1667 1112 1915 1149 nummus

235 1173 239 1175 ’
339 1164 487 1236 ¹apud
513 1168 758 1219 Patinum
785 1162 960 1216 exesus
978 1208 993 1229 ‚
1024 1180 1142 1236 pag.
1161 1169 1273 1235 298.
1300 1164 1389 1217 has
1407 1182 1611 1221 tantum
1637 1187 1802 1225 voces
1821 1189 1912 1225 ex.

347 1237 1365 1307 hibet,AAoA11<.n1>oc......

271 1324 502 1373 ΛΑΟΔ
524 1328 657 1373 IKE
680 1326 808 1372 ΩΝ.
844 1328 958 1372 EN.
992 1327 1119 1372 ΤΩ.
1158 1325 1293 1371 AIB
1315 1328 1502 1375 ΑΝΩ.
1538 1319 1795 1373 Antonini
1816 1323 1911 1395 Pii,

349 1393 397 1440 in
424 1392 611 1443 eodem
635 1389 877 1444 cimelio.
913 1392 1008 1443 Vir
1039 1389 1238 1462 fignum
1269 1391 1489 1444 militare
1518 1394 1701 1467 gestat.

266 1475 374 1520 ΛΑ
396 1479 654 1523 ΟΔΙΚΕ
677 1478 805 1522 ΩΝ.
842 1476 888 1521 Α
911 1475 1242 1523 ῙΒΑΝΟΥ.
1275 1468 1447 1520 Decii.

260 1551 490 1597 IOTA.
532 1551 883 1599 AAOAIK.
935 1551 1177 1597 CEOYH.
1224 1552 1909 1608 MHTPOHOAEQC.

342 1616 533 1679 Ιόυλίας
563 1622 826 1678 Amnum
853 1622 1150 1677 Σεουηωοινῆς
1182 1618 1551 1688 Μητξοπὸλεως.
1586 1621 1738 1673 Iuliae
1767 1634 1909 1678 Lao-

342 1691 488 1744 diceae
506 1699 786 1747 Severianae
808 1700 877 1745 M
886 1689 1158 1760 etropoleos.
1183 1695 1354 1745 Severi
1375 1712 1615 1747 nummus
1638 1714 1666 1749 e
1685 1699 1913 1754 Cimelio

339 1770 559 1841 Regina:
602 1770 813 1824 Sueciae.
871 1765 1124 1840 Ulpianus
1151 1810 1165 1834 ,
1207 1765 1299 1820 lib.
1329 1787 1378 1822 L.
1414 1771 1545 1842 Dig'.
1590 1774 1673 1830 tit.
1704 1791 1735 1825 x
1755 1793 1801 1827 v.
1845 1773 1913 1828 de

344 1842 631 1912 Cenfihm,
660 1843 776 1917 lege
820 1863 855 1896 1.
918 1843 1001 1910 Est
1035 1839 1095 1903 εὖ·
1135 1844 1423 1898 Laodicena
1455 1845 1640 1899 colonia
1676 1854 1727 1900 in
1762 1855 1911 1924 Syria

344 1915 471 1972 Coele
489 1959 502 1979 ‚
534 1927 607 1970 cui
630 1924 803 1972 Divus
835 1924 870 1973 S
875 1936 1043 1970 evertes
1051 1922 1132 1986 jus
1148 1917 1387 1972 Italicum
1407 1918 1464 1970 ob
1485 1919 1600 1972 bella·
1625 1920 1787 1975 civilis
1810 1943 1910 1975 me-

342 1999 442 2044 rita
477 1992 703 2050 conceffit.
737 1995 802 2046 Et
834 2010 1135 2066 cognomen
1168 2010 1198 2044 a
1225 1990 1274 2044 se
1295 2012 1518 2065 ¹quoque
1555 1996 1720 2052 dedit.
1764 2001 1911 2052 Facit

339 2082 514 2119 autem
558 2072 692 2142 prius
727 2067 864 2120 Iuliae
904 2084 1098 2118 nomen
1130 2110 1145 2132 ,
1183 2081 1241 2118 ut
1275 2065 1639 2139 subsequentes
1690 2090 1910 2145 quoque

339 2158 610 2209 nummos,
647 2144 735 2214 qui
768 2151 1198 2201 IOTA‘IEQN
1227 2154 1398 2200 ΤΩΝ
1438 2155 1557 2201 ΚΑΙ
1598 2155 1645 2202 Λ
1665 2160 1908 2207 ΑΟΔΙ-

341 2226 384 2271 Κ
397 2229 433 2273 Ε
455 2229 504 2274 Ω
521 2232 567 2274 Ν
583 2216 926 2269 inscribuntur
944 2261 959 2284 ,
982 2217 1088 2269 huc
1103 2234 1318 2290 quoque
1334 2219 1514 2271 referri
1530 2222 1735 2276 constet
1756 2241 1909 2299 opor..

340 2305 481 2344 tere:
508 2293 653 2362 quod
679 2291 955 2357 TristanO,
981 2291 1193 2363 aliisque
1219 2292 1388 2345 latuit.

259 2377 710 2425 ῘΟΥΛΙΕΩΝ.
753 2379 942 2424 ΤΩΝ.
985 2377 1120 2422 ΚΑΙ.
1162 2378 1695 2431 ΛΑΟΔΙΚΕΩΝ.
1737 2384 1900 2434 ΒΝΡ,

336 2443 635 2495 Domitiani
660 2460 900 2494 nummus
932 2458 961 2495 e
988 2443 1141 2495 Gaza
1168 2444 1336 2516 Regia
1361 2487 1375 2511 ‚
1410 2460 1519 2513 quo
1557 2447 1783 2520 fignatur
1811 2468 1906 2502 an-

337 2533 432 2567 nus
474 2536 506 2571 c
527 2538 558 2573 1.
580 2538 648 2572 11.
676 2518 955 2592 postquam
991 2520 1137 2589 Syria
1164 2535 1193 2569 a
1220 2520 1480 2591 Pompeio
1508 2520 1582 2574 est
1603 2524 1654 2573 in
1686 2527 1904 2597 provin-

338 2592 427 2642 ciae
456 2589 680 2644 formam
707 2593 937 2645 redasta:
963 2592 1109 2663 quod
1141 2592 1353 2664 quidem
1381 2594 1491 2666 egit
1518 2594 1605 2648 ille
1636 2614 1777 2650 anno
1802 2601 1900 2654 Ur.

340 2663 416 2714 bis
445 2685 482 2719 D
504 2686 536 2720 c
556 2687 663 2723 xc.
695 2685 805 2739 quo
840 2669 1034 2722 Cicero
1062 2665 1259 2719 Consul
1284 2665 1399 2720 fuit.
1423 2671 1609 2742 Itaque
1637 2670 1721 2724 hic
1750 2693 1899 2727 num-

335 2755 453 2791 mus
496 2757 690 2793 annum
728 2740 964 2813 defignat
1005 2739 1160 2794 Urbis
1199 2762 1236 2798 D
1255 2763 1289 2800 c
1308 2760 1341 2796 c
1359 2761 1490 2798 ch
1510 2768 1545 2801 1.
1604 2748 1905 2803 Domitiani

336 2829 552 2865 nonum.

198 2887 211 2900 ⁴
263 2896 556 2944 IOTAIE
576 2901 705 2946 ΩΝ.
749 2901 915 2948 ΤΩΝ.
961 2902 1096 2947 ΚΑΙ.
1139 2900 1183 2946 Α
1203 2902 1520 2951 ΑΟΔῙΚΕ
1540 2907 1592 2953 Ω
1612 2908 1676 2954 N.
1716 2895 1901 2952 Iulien-

318 2961 446 3034 fium
472 2970 560 3034 qut
581 2964 641 3025 ὠ
659 2963 1012 3038 Laodicenses,
1035 2964 1247 3037 Trajani
1273 2985 1512 3019 nummus
1537 2986 1566 3021 e
1594 2971 1782 3023 Museo
1800 2990 1922 3025 no-·

271 3077 286 3079 a
325 3036 435 3090 -stro
455 3081 470 3105 ‚
510 3043 562 3093 ὃς
586 3038 726 3116 apud
767 3041 1010 3098 Patinum
1029 3084 1044 3110 ,
1071 3057 1191 3118 pag.
1220 3047 1278 3098 18
1295 3064 1342 3117 5.
1382 3044 1460 3098 Ex
1501 3061 1610 3116 quo
1640 3046 1909 3123 intelligas.

1427 3120 1486 3175 N
1510 3136 1544 3170 n
1586 3118 1639 3191 iij
