2228 3428
714 184 1438 244 ILLUSTRATI:
1868 208 1941 264 95

222 261 767 332 ΒΛΑΥΝΔΕΩΝ.
832 262 1101 318 Volusiani
1136 282 1378 316 nummus
1421 280 1450 318 e
1481 264 1709 318 Cimelio
1744 265 1939 337 Regio,

366 348 530 396 ΕΠΙ.
574 349 751 394 APX.
801 351 860 392 A.
898 348 1015 392 ΑΥ.
1057 347 1409 395 ΠΑΠΙΟΥ.
1440 340 1550 397 E'vn*
1574 341 1852 417 Ἀρχιερέως
1902 343 1941 393 06

372 420 393 481 -(
410 413 516 465 hoc
547 413 651 481 est,
687 413 901 480 crpus-mv)
941 412 1164 483 Αὗρηλίου
1199 414 1418 470 Παπίου.
1443 414 1541 469 Sub
1566 416 1809 485 Pontifice
1833 424 1937 483 pri-

363 506 497 540 mum
523 486 726 542 Aurelio
748 492 946 554 Papia.
969 486 1171 559 Apollo
1191 488 1509 542 citharoedus
1526 493 1696 561 capite
1717 493 1935 547 radiato,

363 565 424 616 In
453 565 667 619 Notitia
695 559 889 615 Eccles.
941 561 1243 628 Hierocli3‚
1273 580 1394 637 pag.
1441 586 1529 634 13.
1566 568 1619 617 &
1655 568 1706 616 in
1745 565 1932 634 altera,

360 655 480 712 pag.
509 661 542 708 4
561 659 605 708 5.
641 638 665 691 o‘
695 636 955 695 Bam'vsbo.
994 636 1160 709 Apud
1188 638 1566 690 Leunclavium
1586 683 1601 706 ,
1631 642 1682 691 in
1718 643 1934 694 Notitia

358 711 551 766 sedium
577 711 964 786 Episcopalium
983 755 997 780 ‚
1022 713 1155 762 inter
1178 712 1455 765 Antistites
1470 716 1672 788 Lydiae,
1708 731 1826 787 pag.
1843 736 1930 780 90.

357 786 593 840 censetur
616 790 642 841 ὅ
670 787 898 847 Βλαδῖων.
925 790 985 842 In
1018 787 1193 841 Cone.
1230 786 1488 842 Calched.
1521 789 1750 862 epistolae
1780 789 1931 861 syno-

356 861 461 914 dali
484 863 661 935 Lydiae
688 865 752 915 ad
778 866 1014 918 Leonem
1044 863 1240 933 Papam
1270 907 1285 931 ,
1329 880 1448 937 pag.
1493 885 1608 934 934.
1655 862 1932 916 subscribit

357 936 721 1010 Onesiphorus
754 937 1041 1012 Episcopus
1074 936 1279 993 Blandi.
1323 939 1392 991 Et
1416 941 1512 993 ast.
1540 959 1626 994 v1.
1659 956 1780 1012 pag.
1809 958 1929 1011 594..

352 1013 538 1078 Ἶ-Ιλίας
564 1014 807 1073 ἐπίσκοπος
830 1013 1238 1072 ’πόλεωςΒλαὲᾶὶδῖ
1261 1015 1329 1066 Et
1351 1016 1446 1066 ἃᾶ.
1483 1036 1502 1068 1
1521 1017 1569 1068 V.
1598 1017 1782 1076 Ἠλίας
1807 1014 1927 1071 '59³7‘-

349 1113 511 1148 οκοπυς
537 1091 714 1149 ’πόλεως
754 1090 964 1150 Βλοωὲὶὸ
985 1088 1163 1152 Λυὲἵας-
1202 1091 1395 1160 Itaque
1430 1090 1482 1139 in
1510 1107 1727 1142 nummo
1762 1098 1805 1145 Υ
1839 1115 1927 1146 πα-

347 1165 498 1237 ρέλκει
518 1211 530 1234 ,
554 1183 612 1219 ut
631 1169 778 1219 a'iunt
795 1212 809 1236 ,
838 1166 943 1220 hoc
967 1165 1041 1218 est
1062 1209 1077 1234 ‚
1098 1179 1252 1218 vacat
1273 1206 1288 1232 ,
1309 1169 1364 1218 &
1389 1164 1638 1220 abundat.

201 1239 282 1295 BI
301 1242 331 1296 S
352 1242 405 1295 G
422 1245 467 1294 A
491 1247 540 1298 R
559 1244 613 1298 G
631 1245 652 1296 I
673 1246 720 1297 S.

270 1317 334 1370 M
351 1319 400 1371 V
419 1321 496 1374 N.
539 1320 578 1370 B
598 1321 667 1372 18
691 1318 744 1371 G
760 1318 806 1371 A
827 1317 944 1373 RG
964 1314 986 1370 Ι
1009 1321 1052 1373 S.
1077 1316 1385 1371 Germanici
1404 1332 1645 1366 nummus
1663 1359 1677 1382 ,
1699 1317 1750 1367 in
1774 1317 1921 1371 The-

342 1390 491 1444 sauro
517 1392 752 1459 Goltzii,
773 1409 894 1465 pag.
921 1412 1034 1462 242.
1054 1396 1396 1458 Municipium
1425 1389 1703 1465 Bifgargis.
1731 1393 1919 1461 Plinio,

341 1462 431 1518 lib.
469 1488 485 1520 1
514 1489 529 1520 1
559 1488 602 1520 1.
627 1467 742 1519 sect.
780 1488 799 1519 1
818 1485 868 1520 v.
897 1466 1279 1540 Bzsgargitani,
1309 1466 1362 1515 in
1384 1466 1764 1518 Tarraconensi
1795 1466 1921 1518 His.

339 1542 507 1613 paniae
546 1543 818 1615 provincia
858 1547 913 1596 &
948 1553 1251 1593 conventu:
1285 1537 1621 1612 Ilergaonum
1663 1540 1922 1615 oppidum

125 1656 130 1659 .
341 1616 779 1668 mediterraneum
808 1614 1099 1670 Ptolemaeo
1117 1659 1130 1682 ‚
1156 1611 1243 1668 lib.
1292 1634 1308 1668 1
1335 1635 1379 1667 1.
1416 1631 1533 1686 cap.
1566 1632 1597 1664 v
1615 1633 1650 1669 1.

192 1690 628 1747 BOIATAN.
668 1694 935 1747 Nummus
967 1691 1118 1767 Juliae
1155 1692 1409 1744 Domnae.
1453 1689 1623 1743 Plinio
1655 1733 1670 1757 ,
1708 1687 1799 1743 Iib.
1833 1710 1915 1746 xv.

341 1762 458 1820 sec‘t.
491 1786 576 1822 ix,
621 1774 783 1835 Bata,
818 1770 868 1820 in
902 1767 1160 1842 Argolico
1192 1764 1405 1819 Achai'ae
1444 1764 1568 1818 finu.
1628 1765 1918 1838 Stephanus

340 1842 469 1898 Βοϊδν
501 1860 616 1895 cum
649 1843 773 1914 Βοιωί
800 1841 1003 1898 miscet:
1030 1841 1158 1894 illud
1190 1841 1410 1899 Doridis
1432 1840 1688 1914 oppidum
1717 1840 1822 1907 est,
1851 1840 1918 1894 de

342 1936 451 1991 quo
480 1917 676 1972 Plinius
708 1921 816 1991 ejus
850 1915 965 1970 libri
991 1917 1106 1972 seot.
1136 1936 1205 1972 XI
1226 1936 1298 1972 11.
1342 1922 1396 1970 δε
1439 1910 1631 1970 Strabo
1660 1959 1674 1982 ,
1701 1913 1790 1968 lib.
1823 1939 1841 1972 1
1862 1934 1910 1969 X.

339 2008 461 2066 pag.
490 2013 611 2065 427.
636 1993 772 2046 istud
788 1992 1015 2047 Acha'iae.
1046 1994 1115 2045 Et
1138 1993 1291 2044 Boeas
1305 1990 1490 2051 alteras
1514 1992 1568 2040 in
1587 1990 1750 2042 Creta
1767 1987 1915 2043 fuisse

337 2066 544 2138 adjicit,
571 2070 781 2121 auclore
819 2067 980 2121 nullo
1008 2066 1143 2120 Illud
1164 2068 1369 2116 interim
1400 2067 1598 2132 verius,
1620 2065 1768 2137 quod
1795 2064 1912 2117 sub-

340 2140 419 2191 dit
439 2143 576 2194 idem
594 2187 609 2210 ,
638 2142 836 2217 gentile
862 2159 1057 2196 nomen
1084 2139 1185 2193 effe
1210 2139 1423 2202 Βοιοίτης.

182 2227 220 2273 Β
238 2227 284 2271 O
303 2226 325 2269 I
346 2226 394 2270 Ω
416 2227 457 2268 T
472 2229 522 2273 Ω
537 2232 600 2274 Ν.

254 2300 461 2347 ΒΟΙΩ
483 2302 541 2345 T.
579 2292 620 2343 E
655 2289 842 2345 Museo
889 2290 1067 2341 nostro
1101 2307 1382 2355 nummus,
1411 2290 1467 2338 in
1501 2307 1611 2360 quo
1648 2305 1817 2342 crater
1852 2295 1906 2345 ὃς

331 2364 508 2418 clava:
544 2365 795 2420 Herculis
822 2378 1007 2417 notum
1031 2362 1166 2416 istud
1187 2363 1290 2431 est,
1316 2362 1510 2417 Bacchi
1535 2361 1665 2416 illud
1689 2363 1904 2437 insigne:

330 2455 394 2490 ex
414 2456 557 2511 parte
571 2441 743 2493 aversa
771 2440 981 2515 clypeus
997 2484 1011 2508 ,
1038 2454 1095 2492 ut
1115 2441 1169 2491 in
1189 2437 1496 2491 numismate
1516 2452 1560 2495 A
1580 2452 1626 2497 N
1640 2450 1684 2495 Θ
1701 2453 1750 2497 H
1768 2452 1816 2496 Δ
1836 2455 1910 2499 0-

328 2527 377 2572 N
395 2526 417 2570 Ι
440 2527 568 2574 ΩᾸΝ.
615 2516 810 2571 Plinius
834 2560 849 2584 ,
888 2515 976 2567 lib.
1002 2537 1019 2570 1
1037 2535 1086 2570 v.
1126 2515 1243 2568 seit.
1281 2532 1314 2566 x
1334 2535 1409 2570 11.
1445 2520 1651 2573 Boeotiae
1687 2513 1902 2578 Thebae,

328 2590 531 2643 duorum
557 2599 804 2644 numinum
839 2632 854 2654 ,
899 2589 1075 2647 Liberi
1097 2589 1253 2664 atqite
1279 2598 1352 2646 H
1358 2589 1524 2647 erculis
1569 2595 1664 2661 (ut
1688 2589 1903 2666 volunt)

316 2675 507 2733 patria.

248 2747 284 2794 B
300 2752 345 2797 O
365 2752 386 2796 I
407 2753 456 2804 Ω
471 2755 513 2797 Τ
533 2753 582 2799 Ω
599 2756 660 2800 N.
712 2743 773 2795 In
812 2742 1022 2795 Graecia
1043 2740 1251 2800 Goltzii
1267 2787 1282 2810 ,
1310 2741 1452 2797 Tab.
1478 2761 1512 2795 x
1530 2761 1561 2796 v
1580 2763 1617 2796 1.
1653 2743 1903 2814 Neptuni

323 2816 411 2867 hic
444 2835 687 2869 nummus
717 2816 942 2890 effigiem
984 2815 1193 2890 praefert
1222 2860 1237 2882 ,
1280 2835 1399 2873 cum
1430 2816 1686 2891 delphino
1725 2821 1777 2869 &
1808 2818 1901 2867 tri-

325 2892 517 2958 dente,
541 2894 648 2945 Dei
668 2889 801 2941 illius
831 2890 1109 2963 symbolis:
1139 2890 1454 2962 adjecioque:
1484 2892 1673 2966 clypeo
1694 2934 1707 2957 ‚
1749 2892 1904 2942 Boeo..

322 2981 496 3017 torum
525 2967 805 3039 generatim
824 3010 837 3030 ,
868 2970 920 3018 &
942 2965 1079 3018 idem
1101 2967 1348 3040 privatim
1365 2966 1748 3024 Thebanorum
1781 2966 1900 3016 infi-

321 3043 428 3115 gni.
459 3044 774 3115 Neptunum
799 3042 975 3095 Boeoti
997 3041 1207 3101 coluere
1235 3045 1288 3103 in
1319 3044 1526 3118 primi5‚
1560 3038 1708 3114 quod
1729 3042 1896 3092 omnis
