2228 3428
764 204 1421 263 ILLUSTRATI.
1851 227 1925 277 29

355 282 409 334 in
436 281 636 337 Graecis
661 280 1053 333 numismatibus
1084 278 1366 331 similitudo
1399 274 1574 331 vultus
1592 320 1607 343 ,
1630 280 1682 331 in
1699 289 1930 352 utroque

352 359 634 431 Principe,
657 358 790 407 viros
820 358 873 406 in
898 358 955 406 iis
983 352 1261 407 “aelam-lis
1292 350 1736 424 agnoscendisque
1760 353 1929 406 versa-

356 431 566 485 tiffimos
590 432 721 503 saepe
752 427 943 481 fefellit
968 471 983 494 ,
1013 443 1074 479 ut
1104 428 1287 480 dioturi
1320 425 1486 478 sumus
1513 428 1565 476 in
1595 429 1928 483 Sidoniorum

353 506 689 577 aliorumque
728 506 968 557 nummi&
1032 500 1322 556 Caracallae
1353 514 1495 552 certe
1530 518 1621 550 cur
1655 521 1929 555 numm-um

353 579 694 634 Alexandrini
722 579 1004 645 cuderent,
1021 576 1168 630 causa
1194 575 1334 628 nulla
1349 572 1481 642 fuit,
1510 592 1735 646 quorum
1754 579 1803 628 in
1828 596 1931 651 op-

352 657 481 729 pido
515 671 758 728 magnam
784 653 987 705 ›caedem
1019 654 1149 706 fecit
1169 696 1183 719 ‚
1219 665 1275 702 ut
1302 652 1480 703 auo'mr
1520 649 1592 701 est
1624 654 1927 723 Spartianus

317 796 319 798 ι
351 734 404 782 in
425 729 532 800 ejus
552 731 657 781 vita
675 772 690 794 ,
728 746 846 801 pag.
890 734 976 797 87.

271 817 520 866 ΕΦΕΕΙ
544 817 672 862 ΩΝ.
746 814 1410 864 ΑΛΕΞΑΝΔΡΕΩΝ.
1493 813 1923 862 OMONOIA.

349 884 482 935 Sunt
499 884 586 953 qui
608 892 708 937 ΚΟ
728 890 811 936 IN
828 892 877 937 Ω
896 894 941 937 N
959 892 980 935 Ι
996 894 1038 936 Α
1058 877 1752 951 legant.Gordianijunioris
1772 898 1926 931 num-

346 973 460 1007 mus
489 973 517 1008 e
547 956 775 1009 Cimelio
805 958 982 1029 Regio
1010 999 1024 1022 ,
1068 959 1122 1008 &
1147 954 1287 1027 apud
1317 954 1591 1015 Patinum,
1621 970 1738 1026 pag.
1786 974 1923 1025 373.

347 1031 823 1085 Alexandrinorum
853 1049 973 1081 cum
1002 1028 1232 1103 Ephesiis
1266 1026 1609 1081 concordiam
1651 1026 1928 1100 foedusque

341 1104 608 1180 fignificat
638 1133 648 1160 :
678 1109 728 1157 in
758 1103 948 1158 eodem
990 1121 1207 1156 nummo
1232 1103 1438 1176 sculptis
1472 1105 1663 1173 pariter
1688 1102 1926 1154 iconibus

351 1181 610 1255 Serapidis
641 1180 1112 1234 Alexandrinorum
1153 1177 1380 1233 Praefidis
1405 1221 1419 1243 ,
1461 1179 1648 1231 Dianae
1679 1179 1927 1230 Venatri-

348 1259 420 1308 cis
439 1301 453 1322 ,
484 1275 599 1329 quae
623 1255 961 1330 Ephefiorum
1001 1258 1154 1309 Dea:
1188 1274 1297 1305 non
1335 1251 1480 1306 lfidis
1501 1295 1515 1318 ,
1543 1267 1603 1303 ut
1632 1253 1818 1304 Patino
1846 1256 1922 1305 vi..

347 1330 472 1385 sum.
507 1332 594 1385 Est
627 1338 680 1386 &
708 1331 839 1383 alter
865 1329 1095 1400 ejusdem
1137 1330 1398 1382 Gordiani
1426 1325 1567 1398 apud
1591 1324 1886 1379 Tristanum
1906 1372 1920 1394 ,

349 1420 478 1462 tom.
520 1427 610 1459 11.
639 1424 756 1478 pag.
789 1426 882 1476 52¹·
906 1417 1223 1464 ΕΦΕΕΙΩΝ.
1260 1418 1303 1458 Α
1323 1414 1365 1458 Λ
1381 1415 1418 1459 E
1437 1413 1481 1461 Ξ
1500 1414 1541 1455 A
1560 1414 1605 1458 N
1622 1413 1670 1456 Δ
1690 1414 1774 1458 PE
1792 1415 1842 1461 Ω
1860 1418 1922 1460 N.

347 1496 466 1530 cum
498 1482 628 1552 Apis
650 1480 801 1531 bovis
828 1478 1001 1552 effigie
1018 1522 1031 1543 ,
1055 1494 1113 1530 ut
1137 1478 1359 1531 videtur.
1907 1504 1909 1506 ·

266 1555 292 1607 Ι
325 1554 388 1606 M
423 1557 478 1608 P.
518 1557 584 1610 C.
629 1554 958 1609 GALER.
996 1554 1190 1608 VAL.
1232 1553 1814 1607 MAXIMINVS.
1862 1555 1921 1607 P.

341 1631 399 1683 F.
432 1631 509 1683 Ex
534 1645 683 1705 parte
710 1627 916 1682 aversa:
941 1632 979 1682 B
1003 1631 1133 1684 ΟΝ
1156 1631 1226 1684 O.
1274 1628 1326 1683 G
1349 1629 1387 1680 E
1409 1629 1466 1682 N
1493 1630 1511 1679 1
1538 1629 1611 1680 O.
1642 1629 1762 1681 PII.
1804 1629 1923 1682 IM-

337 1705 375 1757 P
393 1705 433 1758 E
456 1711 504 1764 R
525 1710 572 1760 A
591 1709 715 1762 TO
739 1710 786 1763 R
805 1707 827 1757 I
844 1707 896 1759 S.
945 1706 1055 1757 AL
1076 1706 1136 1759 E.
1169 1705 1276 1757 hoc
1303 1704 1406 1770 est,
1440 1701 1782 1757 Alexandria.

193 1780 834 1837 ALEXANDRIA
876 1781 1216 1835 TROAS.
1253 1778 1390 1833 Vide
1423 1780 1749 1834 TROAS.

195 1867 240 1911 A
257 1865 303 1911 A
323 1866 345 1911 Ι
363 1870 406 1912 Α
423 1871 469 1915 Ν
486 1851 535 1916 Ω
555 1872 617 1916 Ν.
650 1859 712 1911 In
747 1857 959 1910 Notitia
989 1855 1185 1910 Eccles.
1224 1854 1493 1908 Hieroclis
1512 1898 1525 1920 ‚
1551 1871 1669 1927 pag.
1695 1874 1767 1925 ¹7-
1792 1856 1927 1908 inter

345 1934 619 1986 Antistites
650 1932 944 1987 Provinciae
988 1931 1225 2004 Phrygiae
1269 1930 1576 2002 Capatianae
1623 1927 1858 1981 censetur
1901 1933 1928 1984 ὁ

337 2008 572 2066 Ἀλζωῶ
605 2052 618 2076 ,
648 2025 745 2080 pro
773 2008 798 2059 ὁ
825 2008 1059 2064 Ἀλιεααῗν
1078 2051 1090 2073 ,
1122 2009 1202 2057 uti
1222 2003 1386 2079 ‘paulo
1415 2019 1539 2056 ante
1571 2005 1820 2063 Καπατὶνκς
1850 2005 1925 2057 le-

343 2084 485 2152 gitur
503 2127 515 2150 ,
548 2102 644 2156 pro
671 2082 981 2140 Κοιπαῖισίνκς.
1012 2085 1074 2135 In
1099 2082 1292 2152 «quinta
1321 2077 1523 2151 synodo
1555 2081 1601 2130 C
1620 2082 1679 2132 P.
1717 2079 1924 2131 subscri*

346 2156 425 2207 bit
458 2157 673 2210 Glaucus
696 2156 953 2227 Eptfiopus
973 2153 1268 2211 Alienorum
1290 2159 1522 2204 civitam
1547 2149 1779 2229 Phrygiae
1810 2161 1924 2208 Pa-

344 2238 562 2283 catianae
581 2236 846 2300 provincia¹
863 2275 876 2295 ,
896 2247 1014 2303 pag.
1035 2233 1153 2301 564.
1175 2246 1271 2300 pro
1298 2227 1618 2281 Alianorum.
1646 2231 1794 2281 Nam
1825 2233 1921 2285 aeis,

342 2323 375 2356 v
399 2329 434 2360 1.
456 2325 578 2380 pag.
605 2312 724 2376 603.
742 2303 1022 2359 subscribit
1043 2304 1222 2373 Feli&
1247 2301 1489 2360 e'm'mcoms
1520 2302 1701 2361 πόλεως
1740 2306 1924 2363 Ἀλια-

339 2382 449 2444 ml'v,
477 2381 568 2435 sub
592 2379 936 2454 metropolita
968 2378 1290 2433 Laodicena

196 2466 949 2516 AAIKAPNACCEQN,
1009 2465 1680 2514 MHTPOI'IOAEOC.
1748 2458 1922 2510 Severi
1995 2508 2005 2518 ,

346 2551 602 2587 nummus,
642 2532 839 2587 Plinius
871 2577 885 2599 ‚
925 2529 1017 2582 lib.
1054 2550 1104 2583 v.
1134 2529 1250 2584 secl.
1291 2549 1473 2587 xx1X.
1512 2529 1923 2602 Halicarnaffics.

345 2614 445 2663 Sex
473 2608 654 2678 oppida
693 2606 966 2661 contributa
1001 2613 1073 2670 ei,
1102 2612 1203 2660 &o
1246 2607 1559 2679 Stephano:
1588 2610 1923 2681 Ἃλιχςψασ-

337 2685 422 2742 -σδς
442 2728 452 2739 .
471 2729 481 2740 .
505 2729 514 2738 .
537 2729 548 2739 .
579 2687 603 2739 0‘
627 2691 825 2745 maim
861 2682 1260 2755 ΑἋικριρνειω-εὕς.
1299 2680 1442 2735 Urbs
1475 2683 1645 2735 Carice
1675 2681 1806 2750 fuit,
1832 2703 1923 2735 cu..

338 2761 419 2827 jus
438 2762 623 2812 rudera
645 2764 730 2812 vix
758 2758 1026 2832 supersunt
1053 2763 1107 2809 in
1139 2760 1278 2810 loco·
1298 2754 1503 2808 deserto
1526 2802 1540 2824 ,
1581 2763 1660 2810 cui
1691 2759 1925 2813 Boudron

345 2844 543 2886 nomen
574 2836 663 2890 est.
727 2835 813 2887 Ibi
839 2840 891 2888 δὲ
922 2832 1250 2887 Mausoleum
1273 2877 1286 2900 ‚
1318 2832 1547 2886 Mausoli
1583 2836 1715 2908 regis
1754 2832 1922 2907 sepul-

347 2926 510 2962 crum.

272 2994 456 3055 ἡΦΛΑ.
518 2998 632 3043 ΜΛ
657 2996 948 3048 ΞῙΜΟΥ.
1009 2995 1177 3042 ΑΥΡ.
1239 2995 1413 3042 APX.
1459 2996 1576 3042 TO.
1636 2995 1687 3038 B.
1747 2992 1922 3040 AAI-

339 3072 388 3117 ,Κ
406 3075 447 3117 A
464 3075 497 3118 p
513 3076 666 3122 NAC
687 3075 725 3123 C
742 3076 780 3124 E
799 3075 848 3126 Ω
867 3075 926 3120 Ν.
984 3063 1046 3115 In
1077 3061 1308 3117 Cimelio
1339 3062 1512 3135 Regio
1539 3104 1559 3129 ‚
1585 3061 1765 3190 SDeveri
1796 3056 1923 3128 ejus..

1688 3151 1735 3205 ιι]
1919 3158 1922 3160 -
