<?xml version="1.0" encoding="UTF-8"?>
<!DOCTYPE html PUBLIC "-//W3C//DTD XHTML 1.0 Transitional//EN"
    "http://www.w3.org/TR/xhtml1/DTD/xhtml1-transitional.dtd">
<html xmlns="http://www.w3.org/1999/xhtml" xml:lang="en" lang="en">
 <head>
  <title>
</title>
<meta http-equiv="Content-Type" content="text/html;charset=utf-8" />
  <meta name='ocr-system' content='tesseract 3.04.00' />
  <meta name='ocr-capabilities' content='ocr_page ocr_carea ocr_par ocr_line ocrx_word'/>
</head>
<body>
  <div class='ocr_page' id='page_1' title='image "./joannisharduinis00hard_0099.png"; bbox 0 0 2228 3428; ppageno 0'>
   <div class='ocr_carea' id='block_1_1' title="bbox 171 212 1889 3140">
    <p class='ocr_par' dir='ltr' id='par_1_1' title="bbox 171 212 1889 812">
     <span class='ocr_line' id='line_1_1' title="bbox 693 212 1889 291; baseline 0.007 -24"><span class='ocrx_word' id='word_1_1' title='bbox 693 212 1321 273; x_wconf 82' lang='lat' dir='ltr'><em>ILLUSTRATI.</em></span> <span class='ocrx_word' id='word_1_2' title='bbox 1481 229 1484 232; x_wconf 54' lang='lat'><strong>⁴</strong></span> <span class='ocrx_word' id='word_1_3' title='bbox 1818 228 1889 291; x_wconf 71' lang='lat'><em>&#39;71</em></span> 
     </span>
     <span class='ocr_line' id='line_1_2' title="bbox 171 285 773 357; baseline -0.01 -11"><span class='ocrx_word' id='word_1_4' title='bbox 171 290 221 357; x_wconf 77' lang='lat' dir='ltr'><strong>A</strong></span> <span class='ocrx_word' id='word_1_5' title='bbox 235 292 286 345; x_wconf 91' lang='lat' dir='ltr'>R</span> <span class='ocrx_word' id='word_1_6' title='bbox 303 285 367 340; x_wconf 93' lang='lat' dir='ltr'>M</span> <span class='ocrx_word' id='word_1_7' title='bbox 383 286 423 340; x_wconf 95' lang='lat' dir='ltr'><strong>E</strong></span> <span class='ocrx_word' id='word_1_8' title='bbox 439 287 500 346; x_wconf 91' lang='lat' dir='ltr'>N</span> <span class='ocrx_word' id='word_1_9' title='bbox 517 286 542 340; x_wconf 92' lang='grc' dir='ltr'><strong>Ι</strong></span> <span class='ocrx_word' id='word_1_10' title='bbox 561 288 624 342; x_wconf 92' lang='lat' dir='ltr'>A.</span> <span class='ocrx_word' id='word_1_11' title='bbox 768 300 773 305; x_wconf 85' lang='grc'><em>“</em></span> 
     </span>
     <span class='ocr_line' id='line_1_3' title="bbox 233 361 1888 436; baseline 0.001 -15"><span class='ocrx_word' id='word_1_12' title='bbox 233 365 286 421; x_wconf 88' lang='grc' dir='ltr'><strong>Α</strong></span> <span class='ocrx_word' id='word_1_13' title='bbox 301 365 352 417; x_wconf 88' lang='lat' dir='ltr'>R</span> <span class='ocrx_word' id='word_1_14' title='bbox 366 362 429 415; x_wconf 95' lang='lat' dir='ltr'>M</span> <span class='ocrx_word' id='word_1_15' title='bbox 447 363 486 416; x_wconf 93' lang='lat' dir='ltr'><strong>E</strong></span> <span class='ocrx_word' id='word_1_16' title='bbox 505 364 564 418; x_wconf 96' lang='lat' dir='ltr'>N</span> <span class='ocrx_word' id='word_1_17' title='bbox 585 366 608 417; x_wconf 93' lang='grc' dir='ltr'><strong>Ι</strong></span> <span class='ocrx_word' id='word_1_18' title='bbox 627 365 694 420; x_wconf 93' lang='lat' dir='ltr'><em>A.</em></span> <span class='ocrx_word' id='word_1_19' title='bbox 735 366 783 418; x_wconf 90' lang='lat' dir='ltr'>C</span> <span class='ocrx_word' id='word_1_20' title='bbox 800 364 848 417; x_wconf 91' lang='lat' dir='ltr'><strong>A</strong></span> <span class='ocrx_word' id='word_1_21' title='bbox 863 364 902 417; x_wconf 90' lang='lat' dir='ltr'>P</span> <span class='ocrx_word' id='word_1_22' title='bbox 918 365 967 415; x_wconf 93' lang='lat' dir='ltr'>T</span> <span class='ocrx_word' id='word_1_23' title='bbox 985 363 1048 415; x_wconf 91' lang='lat' dir='ltr'><em>A.</em></span> <span class='ocrx_word' id='word_1_24' title='bbox 1072 361 1341 416; x_wconf 85' lang='lat' dir='ltr'><strong>Nummus</strong></span> <span class='ocrx_word' id='word_1_25' title='bbox 1360 365 1598 436; x_wconf 74' lang='lat' dir='ltr'><em>Augusti,</em></span> <span class='ocrx_word' id='word_1_26' title='bbox 1620 383 1736 420; x_wconf 85' lang='lat' dir='ltr'><em>cum</em></span> <span class='ocrx_word' id='word_1_27' title='bbox 1760 381 1888 423; x_wconf 79' lang='lat' dir='ltr'>arcu</span> 
     </span>
     <span class='ocr_line' id='line_1_4' title="bbox 307 436 1887 516; baseline 0.001 -27"><span class='ocrx_word' id='word_1_28' title='bbox 307 443 361 492; x_wconf 67' lang='grc' dir='ltr'><em>ὅ(</em></span> <span class='ocrx_word' id='word_1_29' title='bbox 391 437 633 510; x_wconf 83' lang='lat' dir='ltr'><em>pharetra</em></span> <span class='ocrx_word' id='word_1_30' title='bbox 659 483 674 507; x_wconf 81' lang='lat'>,</span> <span class='ocrx_word' id='word_1_31' title='bbox 703 436 906 491; x_wconf 82' lang='lat' dir='ltr'><em>bellicae</em></span> <span class='ocrx_word' id='word_1_32' title='bbox 937 437 1141 489; x_wconf 86' lang='lat' dir='ltr'><em>virtutis</em></span> <span class='ocrx_word' id='word_1_33' title='bbox 1173 437 1458 510; x_wconf 73' lang='lat' dir='ltr'><strong>insignibus</strong></span> <span class='ocrx_word' id='word_1_34' title='bbox 1477 480 1492 505; x_wconf 87' lang='lat'>,</span> <span class='ocrx_word' id='word_1_35' title='bbox 1520 442 1661 516; x_wconf 82' lang='lat' dir='ltr'><em>apud</em></span> <span class='ocrx_word' id='word_1_36' title='bbox 1704 445 1887 498; x_wconf 65' lang='lat' dir='ltr'><em>Oeco-</em></span> 
     </span>
     <span class='ocr_line' id='line_1_5' title="bbox 307 511 1398 587; baseline -0.001 -20"><span class='ocrx_word' id='word_1_37' title='bbox 307 528 458 581; x_wconf 82' lang='lat' dir='ltr'><em>nem‚</em></span> <span class='ocrx_word' id='word_1_38' title='bbox 485 530 602 587; x_wconf 81' lang='lat' dir='ltr'>pag.</span> <span class='ocrx_word' id='word_1_39' title='bbox 627 533 710 585; x_wconf 88' lang='lat'><em>54.</em></span> <span class='ocrx_word' id='word_1_40' title='bbox 742 512 1032 577; x_wconf 70' lang='lat' dir='ltr'><em>Horatius,</em></span> <span class='ocrx_word' id='word_1_41' title='bbox 1067 530 1105 563; x_wconf 93' lang='lat'>1.</span> <span class='ocrx_word' id='word_1_42' title='bbox 1137 511 1297 584; x_wconf 87' lang='lat' dir='ltr'>Epist.</span> <span class='ocrx_word' id='word_1_43' title='bbox 1329 534 1398 568; x_wconf 87' lang='lat'><em>12.</em></span> 
     </span>
     <span class='ocr_line' id='line_1_6' title="bbox 710 585 1371 642; baseline 0.005 -5"><span class='ocrx_word' id='word_1_44' title='bbox 710 585 902 641; x_wconf 80' lang='lat' dir='ltr'><em>Claudi</em></span> <span class='ocrx_word' id='word_1_45' title='bbox 929 591 1119 640; x_wconf 84' lang='lat' dir='ltr'><em>virtute</em></span> <span class='ocrx_word' id='word_1_46' title='bbox 1148 592 1371 642; x_wconf 84' lang='lat' dir='ltr'><em>Neronis</em></span> 
     </span>
     <span class='ocr_line' id='line_1_7' title="bbox 409 659 1693 735; baseline 0.003 -22"><span class='ocrx_word' id='word_1_47' title='bbox 409 664 675 718; x_wconf 78' lang='lat' dir='ltr'><em>&#39;Armenius</em></span> <span class='ocrx_word' id='word_1_48' title='bbox 716 662 890 715; x_wconf 85' lang='lat' dir='ltr'><em>cecidit</em></span> <span class='ocrx_word' id='word_1_49' title='bbox 908 706 923 731; x_wconf 80' lang='lat'>,</span> <span class='ocrx_word' id='word_1_50' title='bbox 942 663 1026 728; x_wconf 86' lang='lat' dir='ltr'><em>jus</em></span> <span class='ocrx_word' id='word_1_51' title='bbox 1063 666 1410 735; x_wconf 79' lang='lat' dir='ltr'><em>imperiumque</em></span> <span class='ocrx_word' id='word_1_52' title='bbox 1433 659 1693 717; x_wconf 76' lang='lat' dir='ltr'><em>Phraates</em></span> 
     </span>
     <span class='ocr_line' id='line_1_8' title="bbox 420 734 1242 812; baseline -0.002 -21"><span class='ocrx_word' id='word_1_53' title='bbox 420 739 628 811; x_wconf 83' lang='lat' dir='ltr'><em>Caesaris</em></span> <span class='ocrx_word' id='word_1_54' title='bbox 654 744 843 806; x_wconf 84' lang='lat' dir='ltr'><em>accepit</em></span> <span class='ocrx_word' id='word_1_55' title='bbox 859 734 1057 812; x_wconf 76' lang='lat' dir='ltr'><em>genibus</em></span> <span class='ocrx_word' id='word_1_56' title='bbox 1076 744 1242 789; x_wconf 86' lang='lat' dir='ltr'><em>minor.</em></span> 
     </span>
    </p>

    <p class='ocr_par' dir='ltr' id='par_1_2' title="bbox 228 813 1881 1489">
     <span class='ocr_line' id='line_1_9' title="bbox 228 813 1881 873; baseline -0.003 -3"><span class='ocrx_word' id='word_1_57' title='bbox 228 813 690 870; x_wconf 85' lang='lat' dir='ltr'><em>ARMENIA.</em></span> <span class='ocrx_word' id='word_1_58' title='bbox 731 814 841 866; x_wconf 90' lang='lat' dir='ltr'><em>ET.</em></span> <span class='ocrx_word' id='word_1_59' title='bbox 877 813 1579 868; x_wconf 89' lang='lat' dir='ltr'><em>MESOPOTAMIA.</em></span> <span class='ocrx_word' id='word_1_60' title='bbox 1623 817 1725 871; x_wconf 91' lang='lat' dir='ltr'><em>IN.</em></span> <span class='ocrx_word' id='word_1_61' title='bbox 1752 817 1881 873; x_wconf 85' lang='lat' dir='ltr'><em>Po-</em></span> 
     </span>
     <span class='ocr_line' id='line_1_10' title="bbox 304 887 1879 960; baseline 0.003 -19"><span class='ocrx_word' id='word_1_62' title='bbox 304 888 812 945; x_wconf 89' lang='lat' dir='ltr'><em>TESTATEM.</em></span> <span class='ocrx_word' id='word_1_63' title='bbox 857 888 1039 942; x_wconf 82' lang='lat' dir='ltr'><em>RED</em></span> <span class='ocrx_word' id='word_1_64' title='bbox 1062 887 1368 943; x_wconf 88' lang='lat' dir='ltr'><em>ACTAE.</em></span> <span class='ocrx_word' id='word_1_65' title='bbox 1399 889 1611 960; x_wconf 81' lang='lat' dir='ltr'><em>Trajani</em></span> <span class='ocrx_word' id='word_1_66' title='bbox 1634 935 1648 958; x_wconf 83' lang='lat'>,</span> <span class='ocrx_word' id='word_1_67' title='bbox 1674 909 1735 943; x_wconf 84' lang='lat' dir='ltr'><em>ex</em></span> <span class='ocrx_word' id='word_1_68' title='bbox 1770 897 1879 950; x_wconf 69' lang='lat' dir='ltr'><em>Re„</em></span> 
     </span>
     <span class='ocr_line' id='line_1_11' title="bbox 305 962 1879 1039; baseline 0.003 -26"><span class='ocrx_word' id='word_1_69' title='bbox 305 964 393 1036; x_wconf 83' lang='lat' dir='ltr'><em>gio</em></span> <span class='ocrx_word' id='word_1_70' title='bbox 426 962 682 1015; x_wconf 84' lang='lat' dir='ltr'><em>Cimelio:</em></span> <span class='ocrx_word' id='word_1_71' title='bbox 713 969 766 1016; x_wconf 84' lang='lat'>&amp;</span> <span class='ocrx_word' id='word_1_72' title='bbox 791 963 930 1036; x_wconf 77' lang='lat' dir='ltr'><em>apud</em></span> <span class='ocrx_word' id='word_1_73' title='bbox 956 964 1237 1015; x_wconf 82' lang='lat' dir='ltr'><em>Oeconem</em></span> <span class='ocrx_word' id='word_1_74' title='bbox 1256 1007 1269 1029; x_wconf 80' lang='lat'>,</span> <span class='ocrx_word' id='word_1_75' title='bbox 1301 980 1422 1037; x_wconf 83' lang='lat' dir='ltr'>pag.</span> <span class='ocrx_word' id='word_1_76' title='bbox 1448 986 1537 1036; x_wconf 83' lang='lat'>215.</span> <span class='ocrx_word' id='word_1_77' title='bbox 1568 966 1879 1039; x_wconf 72' lang='lat' dir='ltr'><em>Mesopota,</em></span> 
     </span>
     <span class='ocr_line' id='line_1_12' title="bbox 305 1037 1878 1112; baseline 0.001 -22"><span class='ocrx_word' id='word_1_78' title='bbox 305 1040 409 1090; x_wconf 78' lang='lat' dir='ltr'><em>mia</em></span> <span class='ocrx_word' id='word_1_79' title='bbox 434 1040 572 1088; x_wconf 88' lang='lat' dir='ltr'><em>inter</em></span> <span class='ocrx_word' id='word_1_80' title='bbox 596 1037 725 1088; x_wconf 87' lang='lat' dir='ltr'><em>duos</em></span> <span class='ocrx_word' id='word_1_81' title='bbox 754 1038 939 1090; x_wconf 88' lang='lat' dir='ltr'><em>fluvios</em></span> <span class='ocrx_word' id='word_1_82' title='bbox 969 1080 984 1104; x_wconf 86' lang='lat'>,</span> <span class='ocrx_word' id='word_1_83' title='bbox 1019 1037 1209 1109; x_wconf 80' lang='lat' dir='ltr'>Tigrin</span> <span class='ocrx_word' id='word_1_84' title='bbox 1240 1043 1294 1091; x_wconf 66' lang='grc' dir='ltr'><em>ὃς</em></span> <span class='ocrx_word' id='word_1_85' title='bbox 1325 1038 1659 1112; x_wconf 70' lang='lat' dir='ltr'><em>Euphraten,</em></span> <span class='ocrx_word' id='word_1_86' title='bbox 1685 1059 1715 1092; x_wconf 80' lang='lat' dir='ltr'>a</span> <span class='ocrx_word' id='word_1_87' title='bbox 1745 1045 1878 1095; x_wconf 57' lang='lat' dir='ltr'><em>Tra„</em></span> 
     </span>
     <span class='ocr_line' id='line_1_13' title="bbox 296 1109 1881 1185; baseline 0.002 -22"><span class='ocrx_word' id='word_1_88' title='bbox 296 1111 426 1184; x_wconf 82' lang='lat' dir='ltr'><strong>jano</strong></span> <span class='ocrx_word' id='word_1_89' title='bbox 449 1112 693 1166; x_wconf 82' lang='lat' dir='ltr'>calcatur.</span> <span class='ocrx_word' id='word_1_90' title='bbox 732 1113 1040 1185; x_wconf 82' lang='lat' dir='ltr'><em>Eutropius:</em></span> <span class='ocrx_word' id='word_1_91' title='bbox 1075 1109 1164 1162; x_wconf 82' lang='lat' dir='ltr'><em>Ibi</em></span> <span class='ocrx_word' id='word_1_92' title='bbox 1183 1126 1278 1166; x_wconf 85' lang='lat' dir='ltr'><em>tres</em></span> <span class='ocrx_word' id='word_1_93' title='bbox 1291 1120 1578 1181; x_wconf 79' lang='lat' dir='ltr'><em>provincias</em></span> <span class='ocrx_word' id='word_1_94' title='bbox 1590 1117 1752 1181; x_wconf 77' lang='lat' dir='ltr'><em>fecit,</em></span> <span class='ocrx_word' id='word_1_95' title='bbox 1774 1126 1881 1172; x_wconf 84' lang='lat' dir='ltr'><em>Ar.</em></span> 
     </span>
     <span class='ocr_line' id='line_1_14' title="bbox 304 1183 1877 1263; baseline 0.004 -23"><span class='ocrx_word' id='word_1_96' title='bbox 304 1195 515 1240; x_wconf 87' lang='lat' dir='ltr'><em>meniam</em></span> <span class='ocrx_word' id='word_1_97' title='bbox 538 1230 553 1255; x_wconf 91' lang='lat'>‚</span> <span class='ocrx_word' id='word_1_98' title='bbox 586 1183 874 1260; x_wconf 69' lang='lat' dir='ltr'><em>Affjsriam,</em></span> <span class='ocrx_word' id='word_1_99' title='bbox 923 1183 983 1248; x_wconf 57' lang='grc' dir='ltr'><strong><em>ὠ</em></strong></span> <span class='ocrx_word' id='word_1_100' title='bbox 1012 1189 1457 1259; x_wconf 83' lang='lat' dir='ltr'><em>Mesopotamiam.</em></span> <span class='ocrx_word' id='word_1_101' title='bbox 1503 1194 1801 1263; x_wconf 72' lang='lat' dir='ltr'>Spartianus</span> <span class='ocrx_word' id='word_1_102' title='bbox 1827 1197 1877 1246; x_wconf 87' lang='lat' dir='ltr'><em>in</em></span> 
     </span>
     <span class='ocr_line' id='line_1_15' title="bbox 307 1263 1877 1341; baseline 0.003 -26"><span class='ocrx_word' id='word_1_103' title='bbox 307 1263 623 1329; x_wconf 82' lang='lat' dir='ltr'><strong>Hadrian0‚</strong></span> <span class='ocrx_word' id='word_1_104' title='bbox 661 1279 778 1336; x_wconf 84' lang='lat' dir='ltr'>pag.</span> <span class='ocrx_word' id='word_1_105' title='bbox 811 1282 885 1316; x_wconf 91' lang='lat' dir='ltr'><em>1o.</em></span> <span class='ocrx_word' id='word_1_106' title='bbox 945 1267 1198 1316; x_wconf 76' lang='lat' dir='ltr'><em>Armeniis</em></span> <span class='ocrx_word' id='word_1_107' title='bbox 1235 1283 1392 1337; x_wconf 79' lang='lat' dir='ltr'><em>regem</em></span> <span class='ocrx_word' id='word_1_108' title='bbox 1433 1264 1614 1318; x_wconf 79' lang='lat' dir='ltr'><em>habere</em></span> <span class='ocrx_word' id='word_1_109' title='bbox 1638 1271 1877 1341; x_wconf 70' lang='lat' dir='ltr'><em>permisti,</em></span> 
     </span>
     <span class='ocr_line' id='line_1_16' title="bbox 307 1335 1880 1418; baseline 0.007 -31"><span class='ocrx_word' id='word_1_110' title='bbox 307 1355 411 1389; x_wconf 88' lang='lat' dir='ltr'><em>cum</em></span> <span class='ocrx_word' id='word_1_111' title='bbox 425 1338 517 1411; x_wconf 83' lang='lat' dir='ltr'><em>sub</em></span> <span class='ocrx_word' id='word_1_112' title='bbox 546 1340 773 1406; x_wconf 86' lang='lat' dir='ltr'><em>Trajano</em></span> <span class='ocrx_word' id='word_1_113' title='bbox 808 1335 1027 1412; x_wconf 79' lang='lat' dir='ltr'><em>legatum</em></span> <span class='ocrx_word' id='word_1_114' title='bbox 1054 1336 1343 1408; x_wconf 76' lang='lat' dir='ltr'><em>habuzffint.</em></span> <span class='ocrx_word' id='word_1_115' title='bbox 1404 1346 1467 1394; x_wconf 89' lang='lat' dir='ltr'><em>A</em></span> <span class='ocrx_word' id='word_1_116' title='bbox 1495 1345 1880 1418; x_wconf 69' lang='lat' dir='ltr'><em>Mesopotamiis</em></span> 
     </span>
     <span class='ocr_line' id='line_1_17' title="bbox 303 1411 1578 1489; baseline 0.005 -26"><span class='ocrx_word' id='word_1_117' title='bbox 303 1430 395 1465; x_wconf 87' lang='lat' dir='ltr'><em>non</em></span> <span class='ocrx_word' id='word_1_118' title='bbox 420 1420 582 1486; x_wconf 79' lang='lat' dir='ltr'><em>exegit</em></span> <span class='ocrx_word' id='word_1_119' title='bbox 608 1411 869 1474; x_wconf 81' lang='lat' dir='ltr'><em>tributum,</em></span> <span class='ocrx_word' id='word_1_120' title='bbox 903 1413 1032 1483; x_wconf 85' lang='lat' dir='ltr'><em>quod</em></span> <span class='ocrx_word' id='word_1_121' title='bbox 1053 1416 1311 1478; x_wconf 83' lang='lat' dir='ltr'><em>Trajanus</em></span> <span class='ocrx_word' id='word_1_122' title='bbox 1337 1416 1578 1489; x_wconf 74' lang='lat' dir='ltr'><em>imposuit.</em></span> 
     </span>
    </p>

    <p class='ocr_par' dir='ltr' id='par_1_3' title="bbox 227 1487 1883 1693">
     <span class='ocr_line' id='line_1_18' title="bbox 227 1487 1877 1563; baseline 0.002 -23"><span class='ocrx_word' id='word_1_123' title='bbox 227 1488 278 1540; x_wconf 91' lang='lat' dir='ltr'>A</span> <span class='ocrx_word' id='word_1_124' title='bbox 299 1490 349 1542; x_wconf 87' lang='lat' dir='ltr'>R</span> <span class='ocrx_word' id='word_1_125' title='bbox 370 1490 432 1542; x_wconf 92' lang='lat' dir='ltr'>M</span> <span class='ocrx_word' id='word_1_126' title='bbox 448 1489 488 1541; x_wconf 87' lang='lat' dir='ltr'><strong>E</strong></span> <span class='ocrx_word' id='word_1_127' title='bbox 508 1491 567 1542; x_wconf 94' lang='lat' dir='ltr'>N</span> <span class='ocrx_word' id='word_1_128' title='bbox 585 1491 607 1540; x_wconf 95' lang='lat' dir='ltr'>I</span> <span class='ocrx_word' id='word_1_129' title='bbox 625 1489 674 1540; x_wconf 88' lang='lat' dir='ltr'>A</span> <span class='ocrx_word' id='word_1_130' title='bbox 711 1491 767 1543; x_wconf 93' lang='lat' dir='ltr'>D</span> <span class='ocrx_word' id='word_1_131' title='bbox 788 1490 825 1540; x_wconf 86' lang='lat' dir='ltr'>E</span> <span class='ocrx_word' id='word_1_132' title='bbox 844 1489 891 1542; x_wconf 93' lang='lat' dir='ltr'>V</span> <span class='ocrx_word' id='word_1_133' title='bbox 914 1490 936 1539; x_wconf 96' lang='grc' dir='ltr'><strong>Ι</strong></span> <span class='ocrx_word' id='word_1_134' title='bbox 958 1487 1068 1541; x_wconf 91' lang='lat' dir='ltr'><em>CT</em></span> <span class='ocrx_word' id='word_1_135' title='bbox 1091 1489 1154 1540; x_wconf 90' lang='lat' dir='ltr'><em>A.</em></span> <span class='ocrx_word' id='word_1_136' title='bbox 1181 1489 1397 1560; x_wconf 84' lang='lat' dir='ltr'><em>Trajani</em></span> <span class='ocrx_word' id='word_1_137' title='bbox 1413 1491 1556 1563; x_wconf 83' lang='lat' dir='ltr'><em>apud</em></span> <span class='ocrx_word' id='word_1_138' title='bbox 1577 1495 1877 1563; x_wconf 46' lang='lat' dir='ltr'><em>Oce-onem,</em></span> 
     </span>
     <span class='ocr_line' id='line_1_19' title="bbox 297 1558 1883 1637; baseline 0.003 -24"><span class='ocrx_word' id='word_1_139' title='bbox 297 1579 418 1635; x_wconf 82' lang='lat' dir='ltr'>pag.</span> <span class='ocrx_word' id='word_1_140' title='bbox 446 1583 541 1634; x_wconf 84' lang='lat'>215.</span> <span class='ocrx_word' id='word_1_141' title='bbox 562 1577 620 1614; x_wconf 87' lang='lat' dir='ltr'><em>ut</em></span> <span class='ocrx_word' id='word_1_142' title='bbox 647 1568 700 1617; x_wconf 84' lang='lat'>&amp;</span> <span class='ocrx_word' id='word_1_143' title='bbox 729 1562 859 1620; x_wconf 82' lang='lat' dir='ltr'><em>alter</em></span> <span class='ocrx_word' id='word_1_144' title='bbox 887 1558 1117 1635; x_wconf 84' lang='lat' dir='ltr'><em>ejusdem</em></span> <span class='ocrx_word' id='word_1_145' title='bbox 1145 1562 1397 1637; x_wconf 85' lang='lat' dir='ltr'><em>Augusti,</em></span> <span class='ocrx_word' id='word_1_146' title='bbox 1432 1568 1479 1621; x_wconf 92' lang='lat' dir='ltr'><strong>A</strong></span> <span class='ocrx_word' id='word_1_147' title='bbox 1497 1569 1623 1625; x_wconf 70' lang='grc' dir='ltr'><em>ΚΜ</em></span> <span class='ocrx_word' id='word_1_148' title='bbox 1643 1572 1680 1625; x_wconf 83' lang='lat' dir='ltr'>E</span> <span class='ocrx_word' id='word_1_149' title='bbox 1701 1572 1883 1626; x_wconf 80' lang='grc' dir='ltr'><em>ΝΙΑ,</em></span> 
     </span>
     <span class='ocr_line' id='line_1_20' title="bbox 300 1638 738 1693; baseline -0.002 0"><span class='ocrx_word' id='word_1_150' title='bbox 300 1640 333 1693; x_wconf 90' lang='lat' dir='ltr'>S</span> <span class='ocrx_word' id='word_1_151' title='bbox 353 1639 401 1690; x_wconf 97' lang='lat' dir='ltr'>V</span> <span class='ocrx_word' id='word_1_152' title='bbox 421 1639 459 1689; x_wconf 88' lang='lat' dir='ltr'>B</span> <span class='ocrx_word' id='word_1_153' title='bbox 482 1640 528 1690; x_wconf 91' lang='lat' dir='ltr'><strong>A</strong></span> <span class='ocrx_word' id='word_1_154' title='bbox 545 1638 591 1691; x_wconf 93' lang='lat' dir='ltr'>C</span> <span class='ocrx_word' id='word_1_155' title='bbox 608 1639 657 1691; x_wconf 92' lang='lat' dir='ltr'>T</span> <span class='ocrx_word' id='word_1_156' title='bbox 673 1640 738 1692; x_wconf 91' lang='lat' dir='ltr'><em>A.</em></span> 
     </span>
    </p>

    <p class='ocr_par' dir='ltr' id='par_1_4' title="bbox 228 1713 1882 2015">
     <span class='ocr_line' id='line_1_21' title="bbox 228 1713 1880 1794; baseline 0.003 -25"><span class='ocrx_word' id='word_1_157' title='bbox 228 1713 338 1769; x_wconf 89' lang='lat' dir='ltr'><em>RE</em></span> <span class='ocrx_word' id='word_1_158' title='bbox 358 1715 412 1767; x_wconf 93' lang='lat' dir='ltr'><strong>X</strong></span> <span class='ocrx_word' id='word_1_159' title='bbox 444 1713 493 1766; x_wconf 89' lang='lat' dir='ltr'><strong>A</strong></span> <span class='ocrx_word' id='word_1_160' title='bbox 513 1716 639 1772; x_wconf 88' lang='lat' dir='ltr'><em>RM</em></span> <span class='ocrx_word' id='word_1_161' title='bbox 660 1716 700 1768; x_wconf 87' lang='lat' dir='ltr'><strong>E</strong></span> <span class='ocrx_word' id='word_1_162' title='bbox 718 1715 776 1769; x_wconf 94' lang='lat' dir='ltr'>N</span> <span class='ocrx_word' id='word_1_163' title='bbox 794 1715 817 1768; x_wconf 95' lang='grc' dir='ltr'><strong>Ι</strong></span> <span class='ocrx_word' id='word_1_164' title='bbox 838 1715 890 1771; x_wconf 91' lang='lat' dir='ltr'><em>S.</em></span> <span class='ocrx_word' id='word_1_165' title='bbox 934 1716 990 1769; x_wconf 94' lang='lat' dir='ltr'>D</span> <span class='ocrx_word' id='word_1_166' title='bbox 1014 1713 1125 1767; x_wconf 87' lang='lat' dir='ltr'><em>AT</em></span> <span class='ocrx_word' id='word_1_167' title='bbox 1143 1716 1195 1768; x_wconf 94' lang='lat' dir='ltr'>V</span> <span class='ocrx_word' id='word_1_168' title='bbox 1214 1715 1262 1767; x_wconf 91' lang='lat' dir='ltr'><em>S.</em></span> <span class='ocrx_word' id='word_1_169' title='bbox 1316 1715 1582 1769; x_wconf 84' lang='lat' dir='ltr'><em>Antonini</em></span> <span class='ocrx_word' id='word_1_170' title='bbox 1618 1719 1695 1772; x_wconf 85' lang='lat' dir='ltr'><em>Pii</em></span> <span class='ocrx_word' id='word_1_171' title='bbox 1739 1721 1880 1794; x_wconf 71' lang='lat' dir='ltr'><em>apud</em></span> 
     </span>
     <span class='ocr_line' id='line_1_22' title="bbox 305 1787 1882 1865; baseline 0.003 -23"><span class='ocrx_word' id='word_1_172' title='bbox 305 1789 586 1842; x_wconf 87' lang='lat' dir='ltr'><em>Oeconem</em></span> <span class='ocrx_word' id='word_1_173' title='bbox 603 1833 617 1857; x_wconf 86' lang='lat'>,</span> <span class='ocrx_word' id='word_1_174' title='bbox 643 1807 763 1864; x_wconf 80' lang='lat' dir='ltr'>pag.</span> <span class='ocrx_word' id='word_1_175' title='bbox 787 1810 877 1862; x_wconf 83' lang='lat'>251.</span> <span class='ocrx_word' id='word_1_176' title='bbox 908 1789 1075 1865; x_wconf 88' lang='lat' dir='ltr'>Julius</span> <span class='ocrx_word' id='word_1_177' title='bbox 1102 1787 1436 1862; x_wconf 81' lang='lat' dir='ltr'><em>Capitolinus</em></span> <span class='ocrx_word' id='word_1_178' title='bbox 1455 1836 1470 1859; x_wconf 84' lang='lat'>‚</span> <span class='ocrx_word' id='word_1_179' title='bbox 1494 1795 1546 1845; x_wconf 86' lang='lat' dir='ltr'><em>in</em></span> <span class='ocrx_word' id='word_1_180' title='bbox 1567 1795 1847 1847; x_wconf 84' lang='lat' dir='ltr'><em>Antonino</em></span> <span class='ocrx_word' id='word_1_181' title='bbox 1868 1841 1882 1862; x_wconf 78' lang='lat'>‚</span> 
     </span>
     <span class='ocr_line' id='line_1_23' title="bbox 298 1860 1879 1940; baseline 0.006 -27"><span class='ocrx_word' id='word_1_182' title='bbox 298 1879 419 1937; x_wconf 82' lang='lat' dir='ltr'>pag.</span> <span class='ocrx_word' id='word_1_183' title='bbox 453 1886 540 1919; x_wconf 81' lang='lat' dir='ltr'><em>zo.</em></span> <span class='ocrx_word' id='word_1_184' title='bbox 560 1865 669 1917; x_wconf 86' lang='lat' dir='ltr'><em>hoc</em></span> <span class='ocrx_word' id='word_1_185' title='bbox 689 1880 924 1918; x_wconf 81' lang='lat' dir='ltr'><em>tantum:</em></span> <span class='ocrx_word' id='word_1_186' title='bbox 947 1860 1250 1920; x_wconf 80' lang='lat' dir='ltr'><em>Parthorum</em></span> <span class='ocrx_word' id='word_1_187' title='bbox 1274 1883 1428 1940; x_wconf 81' lang='lat' dir='ltr'><em>regem</em></span> <span class='ocrx_word' id='word_1_188' title='bbox 1447 1866 1514 1920; x_wconf 84' lang='lat' dir='ltr'><em>ab</em></span> <span class='ocrx_word' id='word_1_189' title='bbox 1535 1876 1879 1925; x_wconf 77' lang='lat' dir='ltr'><em>Armeniorum</em></span> 
     </span>
     <span class='ocr_line' id='line_1_24' title="bbox 301 1939 1205 2015; baseline 0.008 -27"><span class='ocrx_word' id='word_1_190' title='bbox 301 1946 658 2013; x_wconf 83' lang='lat' dir='ltr'><em>expugnatione</em></span> <span class='ocrx_word' id='word_1_191' title='bbox 674 1939 791 2015; x_wconf 85' lang='lat' dir='ltr'><em>solis</em></span> <span class='ocrx_word' id='word_1_192' title='bbox 811 1939 990 1992; x_wconf 85' lang='lat' dir='ltr'><em>litteris</em></span> <span class='ocrx_word' id='word_1_193' title='bbox 1013 1939 1205 2008; x_wconf 86' lang='lat' dir='ltr'><em>repulit.</em></span> 
     </span>
    </p>

    <p class='ocr_par' dir='ltr' id='par_1_5' title="bbox 221 2011 1878 2767">
     <span class='ocr_line' id='line_1_25' title="bbox 221 2011 1878 2097; baseline 0.009 -34"><span class='ocrx_word' id='word_1_194' title='bbox 221 2011 271 2063; x_wconf 89' lang='lat' dir='ltr'><strong>A</strong></span> <span class='ocrx_word' id='word_1_195' title='bbox 291 2014 341 2070; x_wconf 90' lang='lat' dir='ltr'>R</span> <span class='ocrx_word' id='word_1_196' title='bbox 363 2014 423 2067; x_wconf 93' lang='lat' dir='ltr'>M</span> <span class='ocrx_word' id='word_1_197' title='bbox 445 2015 482 2066; x_wconf 89' lang='lat' dir='ltr'>E</span> <span class='ocrx_word' id='word_1_198' title='bbox 504 2015 581 2069; x_wconf 90' lang='lat' dir='ltr'><em>N.</em></span> <span class='ocrx_word' id='word_1_199' title='bbox 606 2017 874 2069; x_wconf 86' lang='lat' dir='ltr'>Nummus</span> <span class='ocrx_word' id='word_1_200' title='bbox 903 2016 959 2069; x_wconf 92' lang='lat' dir='ltr'><em>L.</em></span> <span class='ocrx_word' id='word_1_201' title='bbox 984 2016 1143 2082; x_wconf 84' lang='lat' dir='ltr'>Veri,</span> <span class='ocrx_word' id='word_1_202' title='bbox 1169 2017 1310 2089; x_wconf 83' lang='lat' dir='ltr'><em>apud</em></span> <span class='ocrx_word' id='word_1_203' title='bbox 1339 2020 1582 2072; x_wconf 84' lang='lat' dir='ltr'><em>Patinum</em></span> <span class='ocrx_word' id='word_1_204' title='bbox 1600 2063 1615 2086; x_wconf 85' lang='lat'>,</span> <span class='ocrx_word' id='word_1_205' title='bbox 1646 2037 1763 2095; x_wconf 73' lang='lat' dir='ltr'>pag.</span> <span class='ocrx_word' id='word_1_206' title='bbox 1785 2044 1878 2097; x_wconf 82' lang='lat'>255.</span> 
     </span>
     <span class='ocr_line' id='line_1_26' title="bbox 304 2088 1877 2166; baseline 0.005 -27"><span class='ocrx_word' id='word_1_207' title='bbox 304 2091 358 2139; x_wconf 87' lang='lat'>&amp;</span> <span class='ocrx_word' id='word_1_208' title='bbox 389 2089 437 2139; x_wconf 94' lang='lat' dir='ltr'><strong>A</strong></span> <span class='ocrx_word' id='word_1_209' title='bbox 451 2092 506 2143; x_wconf 79' lang='lat' dir='ltr'>R</span> <span class='ocrx_word' id='word_1_210' title='bbox 523 2088 586 2142; x_wconf 93' lang='lat' dir='ltr'>M</span> <span class='ocrx_word' id='word_1_211' title='bbox 604 2090 645 2141; x_wconf 92' lang='lat' dir='ltr'><strong>E</strong></span> <span class='ocrx_word' id='word_1_212' title='bbox 663 2091 741 2142; x_wconf 93' lang='lat' dir='ltr'><em>N.</em></span> <span class='ocrx_word' id='word_1_213' title='bbox 784 2090 831 2141; x_wconf 89' lang='lat' dir='ltr'>C</span> <span class='ocrx_word' id='word_1_214' title='bbox 851 2090 900 2141; x_wconf 91' lang='lat' dir='ltr'><strong>A</strong></span> <span class='ocrx_word' id='word_1_215' title='bbox 918 2091 975 2142; x_wconf 91' lang='lat' dir='ltr'><em>P.</em></span> <span class='ocrx_word' id='word_1_216' title='bbox 996 2095 1242 2143; x_wconf 87' lang='lat' dir='ltr'><em>Armenia</em></span> <span class='ocrx_word' id='word_1_217' title='bbox 1275 2107 1426 2160; x_wconf 89' lang='lat' dir='ltr'><em>capta</em></span> <span class='ocrx_word' id='word_1_218' title='bbox 1442 2136 1456 2160; x_wconf 84' lang='lat'>,</span> <span class='ocrx_word' id='word_1_219' title='bbox 1484 2093 1716 2163; x_wconf 86' lang='lat' dir='ltr'><em>ejusdem</em></span> <span class='ocrx_word' id='word_1_220' title='bbox 1735 2102 1877 2166; x_wconf 71' lang='lat' dir='ltr'><em>Veri,</em></span> 
     </span>
     <span class='ocr_line' id='line_1_27' title="bbox 304 2161 1877 2239; baseline 0.004 -27"><span class='ocrx_word' id='word_1_221' title='bbox 304 2177 333 2212; x_wconf 88' lang='lat' dir='ltr'><em>e</em></span> <span class='ocrx_word' id='word_1_222' title='bbox 358 2161 545 2215; x_wconf 90' lang='lat' dir='ltr'><em>Museo</em></span> <span class='ocrx_word' id='word_1_223' title='bbox 573 2162 771 2216; x_wconf 78' lang='lat' dir='ltr'><strong>nostro,</strong></span> <span class='ocrx_word' id='word_1_224' title='bbox 808 2165 872 2215; x_wconf 89' lang='lat' dir='ltr'><em>In</em></span> <span class='ocrx_word' id='word_1_225' title='bbox 894 2163 969 2215; x_wconf 87' lang='lat' dir='ltr'><em>his</em></span> <span class='ocrx_word' id='word_1_226' title='bbox 999 2161 1142 2215; x_wconf 86' lang='lat' dir='ltr'><em>sedet</em></span> <span class='ocrx_word' id='word_1_227' title='bbox 1169 2165 1419 2219; x_wconf 80' lang='lat' dir='ltr'><em>Armenia</em></span> <span class='ocrx_word' id='word_1_228' title='bbox 1453 2167 1645 2239; x_wconf 81' lang='lat' dir='ltr'><em>pileata</em></span> <span class='ocrx_word' id='word_1_229' title='bbox 1663 2212 1677 2234; x_wconf 88' lang='lat'>‚</span> <span class='ocrx_word' id='word_1_230' title='bbox 1709 2187 1770 2222; x_wconf 83' lang='lat' dir='ltr'><em>ac</em></span> <span class='ocrx_word' id='word_1_231' title='bbox 1798 2171 1877 2223; x_wconf 69' lang='lat' dir='ltr'><em>lu-</em></span> 
     </span>
     <span class='ocr_line' id='line_1_28' title="bbox 299 2235 1878 2313; baseline 0.009 -30"><span class='ocrx_word' id='word_1_232' title='bbox 299 2249 445 2304; x_wconf 83' lang='lat' dir='ltr'><em>gens,</em></span> <span class='ocrx_word' id='word_1_233' title='bbox 480 2235 813 2306; x_wconf 76' lang='lat' dir='ltr'><em>Capitolinus</em></span> <span class='ocrx_word' id='word_1_234' title='bbox 840 2238 892 2285; x_wconf 84' lang='lat' dir='ltr'><em>in</em></span> <span class='ocrx_word' id='word_1_235' title='bbox 932 2237 1123 2288; x_wconf 84' lang='lat' dir='ltr'><em>Marco</em></span> <span class='ocrx_word' id='word_1_236' title='bbox 1140 2280 1154 2303; x_wconf 87' lang='lat'>‚</span> <span class='ocrx_word' id='word_1_237' title='bbox 1179 2257 1295 2313; x_wconf 81' lang='lat' dir='ltr'>pag.</span> <span class='ocrx_word' id='word_1_238' title='bbox 1330 2264 1355 2293; x_wconf 89' lang='lat'>2</span> <span class='ocrx_word' id='word_1_239' title='bbox 1376 2262 1421 2312; x_wconf 87' lang='lat'>5.</span> <span class='ocrx_word' id='word_1_240' title='bbox 1462 2241 1561 2293; x_wconf 88' lang='lat' dir='ltr'><em>Ad</em></span> <span class='ocrx_word' id='word_1_241' title='bbox 1581 2244 1878 2298; x_wconf 79' lang='lat' dir='ltr'><em>Parthicum</em></span> 
     </span>
     <span class='ocr_line' id='line_1_29' title="bbox 297 2304 1874 2387; baseline 0.006 -31"><span class='ocrx_word' id='word_1_242' title='bbox 297 2304 503 2361; x_wconf 83' lang='lat' dir='ltr'><em>bellum.</em></span> <span class='ocrx_word' id='word_1_243' title='bbox 529 2349 540 2361; x_wconf 92' lang='lat'>.</span> <span class='ocrx_word' id='word_1_244' title='bbox 558 2350 568 2361; x_wconf 93' lang='lat'>.</span> <span class='ocrx_word' id='word_1_245' title='bbox 590 2349 602 2362; x_wconf 91' lang='lat'>.</span> <span class='ocrx_word' id='word_1_246' title='bbox 637 2315 797 2362; x_wconf 87' lang='lat' dir='ltr'><em>Verus</em></span> <span class='ocrx_word' id='word_1_247' title='bbox 826 2309 985 2378; x_wconf 76' lang='lat' dir='ltr'><em>miffus</em></span> <span class='ocrx_word' id='word_1_248' title='bbox 1012 2312 1074 2377; x_wconf 70' lang='lat' dir='ltr'><em>est</em></span> <span class='ocrx_word' id='word_1_249' title='bbox 1087 2351 1222 2365; x_wconf 91' lang='grc'><strong>.....</strong></span> <span class='ocrx_word' id='word_1_250' title='bbox 1261 2317 1409 2381; x_wconf 77' lang='lat' dir='ltr'><em>Gcstae</em></span> <span class='ocrx_word' id='word_1_251' title='bbox 1429 2315 1550 2387; x_wconf 79' lang='lat' dir='ltr'><em>sunt</em></span> <span class='ocrx_word' id='word_1_252' title='bbox 1578 2334 1648 2367; x_wconf 85' lang='lat' dir='ltr'><em>res</em></span> <span class='ocrx_word' id='word_1_253' title='bbox 1673 2323 1725 2369; x_wconf 87' lang='lat' dir='ltr'><em>in</em></span> <span class='ocrx_word' id='word_1_254' title='bbox 1764 2327 1874 2373; x_wconf 79' lang='lat' dir='ltr'><em>Ar-</em></span> 
     </span>
     <span class='ocr_line' id='line_1_30' title="bbox 297 2386 1875 2462; baseline 0.008 -26"><span class='ocrx_word' id='word_1_255' title='bbox 297 2388 461 2436; x_wconf 88' lang='lat' dir='ltr'><em>menia</em></span> <span class='ocrx_word' id='word_1_256' title='bbox 478 2386 715 2452; x_wconf 70' lang='lat' dir='ltr'><em>prospera</em></span> <span class='ocrx_word' id='word_1_257' title='bbox 741 2398 830 2452; x_wconf 88' lang='lat' dir='ltr'><em>per</em></span> <span class='ocrx_word' id='word_1_258' title='bbox 862 2389 1087 2439; x_wconf 83' lang='lat' dir='ltr'><em>Statium</em></span> <span class='ocrx_word' id='word_1_259' title='bbox 1117 2386 1345 2460; x_wconf 78' lang='lat' dir='ltr'><em>Przfium</em></span> <span class='ocrx_word' id='word_1_260' title='bbox 1384 2395 1670 2443; x_wconf 80' lang='lat' dir='ltr'><em>Artaxatis</em></span> <span class='ocrx_word' id='word_1_261' title='bbox 1695 2402 1875 2462; x_wconf 81' lang='lat' dir='ltr'><em>captis.-</em></span> 
     </span>
     <span class='ocr_line' id='line_1_31' title="bbox 297 2457 1876 2535; baseline 0.006 -26"><span class='ocrx_word' id='word_1_262' title='bbox 297 2457 614 2530; x_wconf 84' lang='lat' dir='ltr'><em>delatumque</em></span> <span class='ocrx_word' id='word_1_263' title='bbox 629 2464 987 2515; x_wconf 84' lang='lat' dir='ltr'><em>Armeniacum</em></span> <span class='ocrx_word' id='word_1_264' title='bbox 1004 2479 1168 2516; x_wconf 88' lang='lat' dir='ltr'><em>nomen</em></span> <span class='ocrx_word' id='word_1_265' title='bbox 1181 2470 1380 2535; x_wconf 82' lang='lat' dir='ltr'><em>utrique</em></span> <span class='ocrx_word' id='word_1_266' title='bbox 1391 2473 1670 2535; x_wconf 86' lang='lat' dir='ltr'><em>principum</em></span> <span class='ocrx_word' id='word_1_267' title='bbox 1685 2509 1702 2530; x_wconf 82' lang='lat'><em>,</em></span> <span class='ocrx_word' id='word_1_268' title='bbox 1729 2475 1876 2527; x_wconf 76' lang='lat' dir='ltr'><em>Mar-</em></span> 
     </span>
     <span class='ocr_line' id='line_1_32' title="bbox 300 2535 1871 2614; baseline 0.01 -31"><span class='ocrx_word' id='word_1_269' title='bbox 300 2550 366 2584; x_wconf 91' lang='lat' dir='ltr'><em>co</em></span> <span class='ocrx_word' id='word_1_270' title='bbox 388 2535 628 2602; x_wconf 65' lang='lat' dir='ltr'><em>Aurelio,</em></span> <span class='ocrx_word' id='word_1_271' title='bbox 654 2540 707 2589; x_wconf 64' lang='grc' dir='ltr'><em>ὃς</em></span> <span class='ocrx_word' id='word_1_272' title='bbox 734 2537 795 2589; x_wconf 85' lang='lat' dir='ltr'>L.</span> <span class='ocrx_word' id='word_1_273' title='bbox 814 2538 976 2590; x_wconf 89' lang='lat' dir='ltr'><em>Vero.</em></span> <span class='ocrx_word' id='word_1_274' title='bbox 1007 2537 1142 2604; x_wconf 75' lang='lat' dir='ltr'><em>Hue</em></span> <span class='ocrx_word' id='word_1_275' title='bbox 1170 2535 1369 2611; x_wconf 65' lang='lat' dir='ltr'><em>spe-&amp;at</em></span> <span class='ocrx_word' id='word_1_276' title='bbox 1398 2547 1451 2594; x_wconf 87' lang='lat'>&amp;</span> <span class='ocrx_word' id='word_1_277' title='bbox 1484 2543 1617 2594; x_wconf 85' lang='lat' dir='ltr'><em>alter</em></span> <span class='ocrx_word' id='word_1_278' title='bbox 1645 2542 1871 2614; x_wconf 83' lang='lat' dir='ltr'><em>ejusdem</em></span> 
     </span>
     <span class='ocr_line' id='line_1_33' title="bbox 297 2609 1874 2690; baseline 0.008 -30"><span class='ocrx_word' id='word_1_279' title='bbox 297 2609 426 2661; x_wconf 86' lang='lat' dir='ltr'><em>Veri</em></span> <span class='ocrx_word' id='word_1_280' title='bbox 453 2627 724 2677; x_wconf 65' lang='lat' dir='ltr'><em>nummum,</em></span> <span class='ocrx_word' id='word_1_281' title='bbox 752 2614 804 2662; x_wconf 89' lang='lat' dir='ltr'><em>in</em></span> <span class='ocrx_word' id='word_1_282' title='bbox 844 2628 952 2681; x_wconf 88' lang='lat' dir='ltr'><em>quo</em></span> <span class='ocrx_word' id='word_1_283' title='bbox 989 2613 1178 2684; x_wconf 81' lang='lat' dir='ltr'><em>pariter</em></span> <span class='ocrx_word' id='word_1_284' title='bbox 1208 2614 1454 2669; x_wconf 79' lang='lat' dir='ltr'><em>Armenia</em></span> <span class='ocrx_word' id='word_1_285' title='bbox 1485 2617 1675 2690; x_wconf 79' lang='lat' dir='ltr'><em>pileata</em></span> <span class='ocrx_word' id='word_1_286' title='bbox 1696 2617 1839 2673; x_wconf 83' lang='lat' dir='ltr'><em>sedet</em></span> <span class='ocrx_word' id='word_1_287' title='bbox 1858 2666 1874 2689; x_wconf 92' lang='lat'>,</span> 
     </span>
     <span class='ocr_line' id='line_1_34' title="bbox 300 2685 1840 2767; baseline 0.01 -34"><span class='ocrx_word' id='word_1_288' title='bbox 300 2699 417 2735; x_wconf 88' lang='lat' dir='ltr'><em>cum</em></span> <span class='ocrx_word' id='word_1_289' title='bbox 456 2685 743 2758; x_wconf 78' lang='lat' dir='ltr'><em>epigraphe</em></span> <span class='ocrx_word' id='word_1_290' title='bbox 761 2730 776 2752; x_wconf 81' lang='lat'>,</span> <span class='ocrx_word' id='word_1_291' title='bbox 808 2687 901 2739; x_wconf 93' lang='lat' dir='ltr'><em>VI</em></span> <span class='ocrx_word' id='word_1_292' title='bbox 921 2686 968 2738; x_wconf 97' lang='lat' dir='ltr'>C</span> <span class='ocrx_word' id='word_1_293' title='bbox 983 2687 1051 2739; x_wconf 91' lang='lat' dir='ltr'><em>T.</em></span> <span class='ocrx_word' id='word_1_294' title='bbox 1102 2687 1152 2739; x_wconf 94' lang='lat' dir='ltr'><strong>A</strong></span> <span class='ocrx_word' id='word_1_295' title='bbox 1172 2691 1224 2742; x_wconf 92' lang='lat' dir='ltr'>V</span> <span class='ocrx_word' id='word_1_296' title='bbox 1243 2691 1315 2744; x_wconf 87' lang='lat' dir='ltr'>G.</span> <span class='ocrx_word' id='word_1_297' title='bbox 1355 2693 1587 2746; x_wconf 70' lang='lat' dir='ltr'><em>Viii‘oria</em></span> <span class='ocrx_word' id='word_1_298' title='bbox 1615 2697 1840 2767; x_wconf 79' lang='lat' dir='ltr'><em>Augusti.</em></span> 
     </span>
    </p>

    <p class='ocr_par' dir='ltr' id='par_1_6' title="bbox 224 2757 1873 3140">
     <span class='ocr_line' id='line_1_35' title="bbox 224 2757 1871 2840; baseline 0.007 -30"><span class='ocrx_word' id='word_1_299' title='bbox 224 2757 420 2814; x_wconf 90' lang='lat' dir='ltr'>REX.</span> <span class='ocrx_word' id='word_1_300' title='bbox 459 2760 804 2816; x_wconf 84' lang='lat' dir='ltr'><em>ARMEN.</em></span> <span class='ocrx_word' id='word_1_301' title='bbox 853 2763 909 2814; x_wconf 92' lang='lat' dir='ltr'>D</span> <span class='ocrx_word' id='word_1_302' title='bbox 930 2760 1044 2813; x_wconf 91' lang='lat' dir='ltr'><em>AT</em></span> <span class='ocrx_word' id='word_1_303' title='bbox 1065 2761 1181 2815; x_wconf 91' lang='lat' dir='ltr'><em>VS.</em></span> <span class='ocrx_word' id='word_1_304' title='bbox 1221 2765 1281 2817; x_wconf 90' lang='lat' dir='ltr'>L.</span> <span class='ocrx_word' id='word_1_305' title='bbox 1319 2770 1492 2833; x_wconf 83' lang='lat' dir='ltr'><em>Veri,</em></span> <span class='ocrx_word' id='word_1_306' title='bbox 1536 2769 1679 2840; x_wconf 86' lang='lat' dir='ltr'><em>apud</em></span> <span class='ocrx_word' id='word_1_307' title='bbox 1732 2772 1871 2823; x_wconf 69' lang='lat' dir='ltr'><em>Pati-</em></span> 
     </span>
     <span class='ocr_line' id='line_1_36' title="bbox 297 2835 1870 2908; baseline 0.01 -25"><span class='ocrx_word' id='word_1_308' title='bbox 297 2849 422 2896; x_wconf 85' lang='lat' dir='ltr'><em>num</em></span> <span class='ocrx_word' id='word_1_309' title='bbox 449 2877 463 2899; x_wconf 79' lang='lat'><strong>‚</strong></span> <span class='ocrx_word' id='word_1_310' title='bbox 495 2852 611 2908; x_wconf 77' lang='lat' dir='ltr'>pag.</span> <span class='ocrx_word' id='word_1_311' title='bbox 653 2857 770 2908; x_wconf 82' lang='lat'>255.</span> <span class='ocrx_word' id='word_1_312' title='bbox 803 2836 984 2889; x_wconf 85' lang='lat' dir='ltr'><em>REX</em></span> <span class='ocrx_word' id='word_1_313' title='bbox 1025 2835 1439 2897; x_wconf 84' lang='lat' dir='ltr'><em>ARMENII</em></span> <span class='ocrx_word' id='word_1_314' title='bbox 1465 2845 1514 2896; x_wconf 88' lang='lat' dir='ltr'>S.</span> <span class='ocrx_word' id='word_1_315' title='bbox 1556 2844 1870 2899; x_wconf 87' lang='lat' dir='ltr'><em>DATVS.</em></span> 
     </span>
     <span class='ocr_line' id='line_1_37' title="bbox 300 2906 1868 2988; baseline 0.006 -28"><span class='ocrx_word' id='word_1_316' title='bbox 300 2906 543 2978; x_wconf 84' lang='lat' dir='ltr'><em>Ejusdem</em></span> <span class='ocrx_word' id='word_1_317' title='bbox 564 2913 691 2964; x_wconf 72' lang='lat' dir='ltr'><em>Veri</em></span> <span class='ocrx_word' id='word_1_318' title='bbox 722 2914 774 2961; x_wconf 85' lang='lat' dir='ltr'><em>in</em></span> <span class='ocrx_word' id='word_1_319' title='bbox 796 2908 984 2963; x_wconf 84' lang='lat' dir='ltr'><em>Museo</em></span> <span class='ocrx_word' id='word_1_320' title='bbox 1020 2911 1215 2964; x_wconf 82' lang='lat' dir='ltr'><strong>nostro,</strong></span> <span class='ocrx_word' id='word_1_321' title='bbox 1259 2914 1590 2988; x_wconf 82' lang='lat' dir='ltr'><em>Capitolinus</em></span> <span class='ocrx_word' id='word_1_322' title='bbox 1611 2921 1664 2968; x_wconf 85' lang='lat' dir='ltr'><em>in</em></span> <span class='ocrx_word' id='word_1_323' title='bbox 1687 2919 1833 2969; x_wconf 89' lang='lat' dir='ltr'><em>Vero</em></span> <span class='ocrx_word' id='word_1_324' title='bbox 1852 2964 1868 2986; x_wconf 78' lang='grc'><em>,,</em></span> 
     </span>
     <span class='ocr_line' id='line_1_38' title="bbox 299 2981 1868 3064; baseline 0.008 -31"><span class='ocrx_word' id='word_1_325' title='bbox 299 2998 417 3056; x_wconf 81' lang='lat' dir='ltr'>pag.</span> <span class='ocrx_word' id='word_1_326' title='bbox 451 2989 522 3052; x_wconf 79' lang='lat'>38.</span> <span class='ocrx_word' id='word_1_327' title='bbox 593 2983 819 3049; x_wconf 49' lang='lat' dir='ltr'><em>Confecto</em></span> <span class='ocrx_word' id='word_1_328' title='bbox 839 2986 966 3058; x_wconf 83' lang='lat' dir='ltr'><em>sane</em></span> <span class='ocrx_word' id='word_1_329' title='bbox 997 2981 1122 3035; x_wconf 86' lang='lat' dir='ltr'><em>bello</em></span> <span class='ocrx_word' id='word_1_330' title='bbox 1152 2986 1404 3041; x_wconf 83' lang='lat' dir='ltr'><em>Parthico</em></span> <span class='ocrx_word' id='word_1_331' title='bbox 1431 3033 1445 3057; x_wconf 88' lang='lat'>‚</span> <span class='ocrx_word' id='word_1_332' title='bbox 1479 3009 1625 3063; x_wconf 81' lang='lat' dir='ltr'><em>regna</em></span> <span class='ocrx_word' id='word_1_333' title='bbox 1653 2990 1868 3064; x_wconf 80' lang='lat' dir='ltr'><em>regibus,</em></span> 
     </span>
     <span class='ocr_line' id='line_1_39' title="bbox 289 3058 1873 3140; baseline 0.009 -32"><span class='ocrx_word' id='word_1_334' title='bbox 289 3064 582 3127; x_wconf 72' lang='lat' dir='ltr'><em>provincias</em></span> <span class='ocrx_word' id='word_1_335' title='bbox 612 3080 727 3115; x_wconf 81' lang='lat' dir='ltr'><em>vero</em></span> <span class='ocrx_word' id='word_1_336' title='bbox 757 3058 1006 3116; x_wconf 77' lang='lat' dir='ltr'><em>comitibus</em></span> <span class='ocrx_word' id='word_1_337' title='bbox 1025 3058 1134 3134; x_wconf 73' lang='lat' dir='ltr'><em>fiiis</em></span> <span class='ocrx_word' id='word_1_338' title='bbox 1160 3064 1395 3140; x_wconf 76' lang='lat' dir='ltr'><em>regendas</em></span> <span class='ocrx_word' id='word_1_339' title='bbox 1424 3063 1574 3122; x_wconf 87' lang='lat' dir='ltr'><em>dedit.</em></span> <span class='ocrx_word' id='word_1_340' title='bbox 1621 3069 1684 3123; x_wconf 88' lang='lat' dir='ltr'><em>In</em></span> <span class='ocrx_word' id='word_1_341' title='bbox 1709 3066 1873 3122; x_wconf 80' lang='lat' dir='ltr'><em>altera</em></span> 
     </span>
    </p>
   </div>
  </div>
 </body>
</html>
