<?xml version="1.0" encoding="UTF-8"?>
<!DOCTYPE html PUBLIC "-//W3C//DTD XHTML 1.0 Transitional//EN"
    "http://www.w3.org/TR/xhtml1/DTD/xhtml1-transitional.dtd">
<html xmlns="http://www.w3.org/1999/xhtml" xml:lang="en" lang="en">
 <head>
  <title>
</title>
<meta http-equiv="Content-Type" content="text/html;charset=utf-8" />
  <meta name='ocr-system' content='tesseract 3.04.00' />
  <meta name='ocr-capabilities' content='ocr_page ocr_carea ocr_par ocr_line ocrx_word'/>
</head>
<body>
  <div class='ocr_page' id='page_1' title='image "./joannisharduinis00hard_0214.png"; bbox 0 0 2228 3428; ppageno 0'>
   <div class='ocr_carea' id='block_1_1' title="bbox 249 171 1980 1746">
    <p class='ocr_par' dir='ltr' id='par_1_1' title="bbox 249 171 1548 248">
     <span class='ocr_line' id='line_1_1' title="bbox 249 171 1548 248; baseline 0.002 -22"><span class='ocrx_word' id='word_1_1' title='bbox 249 179 339 229; x_wconf 77' lang='lat'><strong>136</strong></span> <span class='ocrx_word' id='word_1_2' title='bbox 691 171 1048 227; x_wconf 83' lang='lat' dir='ltr'><strong>NUMMI</strong></span> <span class='ocrx_word' id='word_1_3' title='bbox 1107 172 1548 248; x_wconf 68' lang='lat' dir='ltr'>ANTIQUI</span> 
     </span>
    </p>

    <p class='ocr_par' dir='ltr' id='par_1_2' title="bbox 395 246 1980 996">
     <span class='ocr_line' id='line_1_2' title="bbox 401 246 1976 326; baseline 0.001 -27"><span class='ocrx_word' id='word_1_4' title='bbox 401 247 635 312; x_wconf 80' lang='lat' dir='ltr'><strong>lebatur,</strong></span> <span class='ocrx_word' id='word_1_5' title='bbox 666 246 732 297; x_wconf 81' lang='lat' dir='ltr'><strong>ab</strong></span> <span class='ocrx_word' id='word_1_6' title='bbox 756 247 812 297; x_wconf 78' lang='lat' dir='ltr'><strong>iis</strong></span> <span class='ocrx_word' id='word_1_7' title='bbox 830 246 964 306; x_wconf 55' lang='lat' dir='ltr'><strong>&#39;EQ</strong></span> <span class='ocrx_word' id='word_1_8' title='bbox 987 250 1392 321; x_wconf 79' lang='lat' dir='ltr'><strong>&#39;cognominatus</strong></span> <span class='ocrx_word' id='word_1_9' title='bbox 1413 290 1427 314; x_wconf 85' lang='lat'>‚</span> <span class='ocrx_word' id='word_1_10' title='bbox 1458 249 1620 300; x_wconf 84' lang='lat' dir='ltr'><strong>veluti</strong></span> <span class='ocrx_word' id='word_1_11' title='bbox 1658 250 1774 307; x_wconf 59' lang='grc' dir='ltr'><em>ἐσίω,</em></span> <span class='ocrx_word' id='word_1_12' title='bbox 1803 252 1936 326; x_wconf 50' lang='lat' dir='ltr'><strong>&amp;lq-„p</strong></span> <span class='ocrx_word' id='word_1_13' title='bbox 1954 297 1976 321; x_wconf 67' lang='lat'><strong>,</strong></span> 
     </span>
     <span class='ocr_line' id='line_1_3' title="bbox 401 319 1980 398; baseline 0.008 -29"><span class='ocrx_word' id='word_1_14' title='bbox 401 322 624 373; x_wconf 73' lang='lat' dir='ltr'><strong>bonorum</strong></span> <span class='ocrx_word' id='word_1_15' title='bbox 653 319 810 374; x_wconf 77' lang='lat' dir='ltr'><strong>dator.</strong></span> <span class='ocrx_word' id='word_1_16' title='bbox 851 326 1051 376; x_wconf 64' lang='lat' dir='ltr'><strong>Auctor</strong></span> <span class='ocrx_word' id='word_1_17' title='bbox 1080 321 1473 396; x_wconf 79' lang='lat' dir='ltr'><strong>Etymologici:</strong></span> <span class='ocrx_word' id='word_1_18' title='bbox 1508 325 1644 381; x_wconf 57' lang='lat' dir='ltr'><strong>&#39;EMG</strong></span> <span class='ocrx_word' id='word_1_19' title='bbox 1670 368 1684 391; x_wconf 79' lang='lat'>‚</span> <span class='ocrx_word' id='word_1_20' title='bbox 1714 326 1856 398; x_wconf 56' lang='grc' dir='ltr'><em>ὄνομα,</em></span> <span class='ocrx_word' id='word_1_21' title='bbox 1889 329 1980 388; x_wconf 59' lang='lat' dir='ltr'><strong>‘rod&#39;</strong></span> 
     </span>
     <span class='ocr_line' id='line_1_4' title="bbox 399 389 1960 473; baseline 0.001 -19"><span class='ocrx_word' id='word_1_22' title='bbox 399 395 568 469; x_wconf 61' lang='lat' dir='ltr'><strong>E‘ppwcs</strong></span> <span class='ocrx_word' id='word_1_23' title='bbox 588 389 722 471; x_wconf 51' lang='lat'><strong>&amp;2598</strong></span> <span class='ocrx_word' id='word_1_24' title='bbox 746 396 834 455; x_wconf 65' lang='grc' dir='ltr'><strong>πῖς</strong></span> <span class='ocrx_word' id='word_1_25' title='bbox 857 405 1119 470; x_wconf 68' lang='grc' dir='ltr'><em>Γορτυνίοις·</em></span> <span class='ocrx_word' id='word_1_26' title='bbox 1143 391 1276 472; x_wconf 51' lang='lat' dir='ltr'><strong>m&amp;</strong></span> <span class='ocrx_word' id='word_1_27' title='bbox 1298 397 1351 455; x_wconf 67' lang='grc' dir='ltr'><strong>’τὸ</strong></span> <span class='ocrx_word' id='word_1_28' title='bbox 1375 396 1488 453; x_wconf 58' lang='grc' dir='ltr'><strong>ἐαῖων</strong></span> <span class='ocrx_word' id='word_1_29' title='bbox 1508 401 1557 467; x_wconf 61' lang='lat' dir='ltr'><strong>{D</strong></span> <span class='ocrx_word' id='word_1_30' title='bbox 1580 404 1769 473; x_wconf 58' lang='grc' dir='ltr'><strong>δὶτῆξρι.</strong></span> <span class='ocrx_word' id='word_1_31' title='bbox 1800 404 1960 466; x_wconf 60' lang='grc' dir='ltr'><strong>ΒΑΜ,</strong></span> 
     </span>
     <span class='ocr_line' id='line_1_5' title="bbox 395 473 1971 547; baseline 0.002 -23"><span class='ocrx_word' id='word_1_32' title='bbox 395 490 564 524; x_wconf 72' lang='lat' dir='ltr'><strong>nomen</strong></span> <span class='ocrx_word' id='word_1_33' title='bbox 596 480 841 527; x_wconf 78' lang='lat' dir='ltr'><strong>Mercum&#39;</strong></span> <span class='ocrx_word' id='word_1_34' title='bbox 887 475 1025 543; x_wconf 73' lang='lat' dir='ltr'><strong>apud</strong></span> <span class='ocrx_word' id='word_1_35' title='bbox 1052 481 1301 547; x_wconf 78' lang='lat' dir='ltr'><em>Gortynios</em></span> <span class='ocrx_word' id='word_1_36' title='bbox 1335 514 1351 535; x_wconf 85' lang='lat'><strong>,</strong></span> <span class='ocrx_word' id='word_1_37' title='bbox 1395 481 1518 544; x_wconf 80' lang='lat' dir='ltr'><strong>quia</strong></span> <span class='ocrx_word' id='word_1_38' title='bbox 1554 473 1774 530; x_wconf 83' lang='lat' dir='ltr'><strong>bonorum</strong></span> <span class='ocrx_word' id='word_1_39' title='bbox 1821 480 1971 531; x_wconf 76' lang='lat' dir='ltr'><strong>dator</strong></span> 
     </span>
     <span class='ocr_line' id='line_1_6' title="bbox 398 543 1967 627; baseline 0.001 -29"><span class='ocrx_word' id='word_1_40' title='bbox 398 545 521 617; x_wconf 73' lang='lat' dir='ltr'><strong>effit.</strong></span> <span class='ocrx_word' id='word_1_41' title='bbox 551 547 654 601; x_wconf 85' lang='lat' dir='ltr'><strong>Sed</strong></span> <span class='ocrx_word' id='word_1_42' title='bbox 675 543 820 600; x_wconf 82' lang='lat' dir='ltr'><strong>fuisse</strong></span> <span class='ocrx_word' id='word_1_43' title='bbox 840 564 1090 622; x_wconf 83' lang='lat' dir='ltr'><strong>praeterea</strong></span> <span class='ocrx_word' id='word_1_44' title='bbox 1119 552 1169 601; x_wconf 90' lang='lat' dir='ltr'><strong>in</strong></span> <span class='ocrx_word' id='word_1_45' title='bbox 1192 551 1356 603; x_wconf 85' lang='lat' dir='ltr'><strong>Creta</strong></span> <span class='ocrx_word' id='word_1_46' title='bbox 1376 592 1390 614; x_wconf 89' lang='lat'><strong>,</strong></span> <span class='ocrx_word' id='word_1_47' title='bbox 1422 564 1581 622; x_wconf 86' lang='lat' dir='ltr'><strong>atque</strong></span> <span class='ocrx_word' id='word_1_48' title='bbox 1599 553 1730 603; x_wconf 85' lang='lat' dir='ltr'><strong>adeo</strong></span> <span class='ocrx_word' id='word_1_49' title='bbox 1764 552 1967 627; x_wconf 85' lang='lat' dir='ltr'>Gorty-</span> 
     </span>
     <span class='ocr_line' id='line_1_7' title="bbox 397 621 1968 700; baseline 0.004 -26"><span class='ocrx_word' id='word_1_50' title='bbox 397 640 463 674; x_wconf 87' lang='lat' dir='ltr'><strong>ne</strong></span> <span class='ocrx_word' id='word_1_51' title='bbox 482 621 813 693; x_wconf 78' lang='lat' dir='ltr'><strong>frequentem</strong></span> <span class='ocrx_word' id='word_1_52' title='bbox 843 622 1131 696; x_wconf 83' lang='lat' dir='ltr'><strong>AEsculapii</strong></span> <span class='ocrx_word' id='word_1_53' title='bbox 1157 641 1372 697; x_wconf 85' lang='lat' dir='ltr'><strong>quoque</strong></span> <span class='ocrx_word' id='word_1_54' title='bbox 1399 625 1597 693; x_wconf 84' lang='lat' dir='ltr'><strong>cultum</strong></span> <span class='ocrx_word' id='word_1_55' title='bbox 1618 669 1632 693; x_wconf 79' lang='lat'><strong>,</strong></span> <span class='ocrx_word' id='word_1_56' title='bbox 1652 643 1968 700; x_wconf 81' lang='lat' dir='ltr'><strong>argumento</strong></span> 
     </span>
     <span class='ocr_line' id='line_1_8' title="bbox 399 696 1963 773; baseline 0.002 -23"><span class='ocrx_word' id='word_1_57' title='bbox 399 697 473 750; x_wconf 86' lang='lat' dir='ltr'><strong>est</strong></span> <span class='ocrx_word' id='word_1_58' title='bbox 509 696 590 748; x_wconf 90' lang='lat' dir='ltr'><strong>vel</strong></span> <span class='ocrx_word' id='word_1_59' title='bbox 622 714 924 770; x_wconf 77' lang='lat' dir='ltr'><strong>cognomen</strong></span> <span class='ocrx_word' id='word_1_60' title='bbox 950 696 1109 765; x_wconf 83' lang='lat' dir='ltr'><strong>illud,</strong></span> <span class='ocrx_word' id='word_1_61' title='bbox 1142 701 1289 770; x_wconf 88' lang='lat' dir='ltr'><strong>quod</strong></span> <span class='ocrx_word' id='word_1_62' title='bbox 1325 715 1389 751; x_wconf 85' lang='lat' dir='ltr'><strong>ex</strong></span> <span class='ocrx_word' id='word_1_63' title='bbox 1428 699 1628 773; x_wconf 87' lang='lat' dir='ltr'><strong>oppido</strong></span> <span class='ocrx_word' id='word_1_64' title='bbox 1664 718 1729 752; x_wconf 89' lang='lat' dir='ltr'><strong>eo</strong></span> <span class='ocrx_word' id='word_1_65' title='bbox 1770 704 1963 770; x_wconf 82' lang='lat' dir='ltr'>traxit,</span> 
     </span>
     <span class='ocr_line' id='line_1_9' title="bbox 396 772 1966 848; baseline 0 -20"><span class='ocrx_word' id='word_1_66' title='bbox 396 773 676 832; x_wconf 70' lang='grc' dir='ltr'><strong>Ἀσκλκτηδς</strong></span> <span class='ocrx_word' id='word_1_67' title='bbox 701 773 1006 846; x_wconf 51' lang='grc' dir='ltr'><strong>ΓορπῦνιΘλ,</strong></span> <span class='ocrx_word' id='word_1_68' title='bbox 1026 773 1165 848; x_wconf 84' lang='lat' dir='ltr'><strong>apud</strong></span> <span class='ocrx_word' id='word_1_69' title='bbox 1185 772 1484 827; x_wconf 76' lang='lat' dir='ltr'>Pausaniam</span> <span class='ocrx_word' id='word_1_70' title='bbox 1510 777 1563 826; x_wconf 86' lang='lat' dir='ltr'><strong>in</strong></span> <span class='ocrx_word' id='word_1_71' title='bbox 1594 776 1966 845; x_wconf 82' lang='lat' dir='ltr'><strong>Corinthiacis,</strong></span> 
     </span>
     <span class='ocr_line' id='line_1_10' title="bbox 395 846 1966 923; baseline 0.004 -25"><span class='ocrx_word' id='word_1_72' title='bbox 395 848 481 899; x_wconf 85' lang='lat' dir='ltr'><strong>seu</strong></span> <span class='ocrx_word' id='word_1_73' title='bbox 510 846 645 899; x_wconf 90' lang='lat' dir='ltr'><strong>libro</strong></span> <span class='ocrx_word' id='word_1_74' title='bbox 685 868 701 901; x_wconf 89' lang='lat'>1</span> <span class='ocrx_word' id='word_1_75' title='bbox 730 869 772 901; x_wconf 84' lang='lat'><strong>1.</strong></span> <span class='ocrx_word' id='word_1_76' title='bbox 802 866 919 922; x_wconf 79' lang='lat' dir='ltr'><strong>pag.</strong></span> <span class='ocrx_word' id='word_1_77' title='bbox 960 872 980 923; x_wconf 84' lang='lat'>5</span> <span class='ocrx_word' id='word_1_78' title='bbox 1004 871 1046 920; x_wconf 87' lang='lat'><strong>5.</strong></span> <span class='ocrx_word' id='word_1_79' title='bbox 1077 849 1217 905; x_wconf 88' lang='lat' dir='ltr'><strong>Vide</strong></span> <span class='ocrx_word' id='word_1_80' title='bbox 1246 854 1298 902; x_wconf 82' lang='lat'>&amp;</span> <span class='ocrx_word' id='word_1_81' title='bbox 1318 847 1687 903; x_wconf 86' lang='lat' dir='ltr'><strong>Philostratum</strong></span> <span class='ocrx_word' id='word_1_82' title='bbox 1711 896 1725 919; x_wconf 87' lang='lat'><strong>,</strong></span> <span class='ocrx_word' id='word_1_83' title='bbox 1759 849 1848 905; x_wconf 85' lang='lat' dir='ltr'><strong>lib.</strong></span> <span class='ocrx_word' id='word_1_84' title='bbox 1879 872 1898 907; x_wconf 93' lang='lat'>1</span> <span class='ocrx_word' id='word_1_85' title='bbox 1919 870 1966 906; x_wconf 89' lang='lat' dir='ltr'><strong>v.</strong></span> 
     </span>
     <span class='ocr_line' id='line_1_11' title="bbox 396 921 1166 996; baseline 0.005 -23"><span class='ocrx_word' id='word_1_86' title='bbox 396 921 461 974; x_wconf 86' lang='lat' dir='ltr'><strong>de</strong></span> <span class='ocrx_word' id='word_1_87' title='bbox 485 924 587 983; x_wconf 23' lang='lat' dir='ltr'><strong>vit-a</strong></span> <span class='ocrx_word' id='word_1_88' title='bbox 611 922 911 994; x_wconf 87' lang='lat' dir='ltr'><strong>Apollonii,</strong></span> <span class='ocrx_word' id='word_1_89' title='bbox 937 941 1051 996; x_wconf 87' lang='lat' dir='ltr'><strong>cap.</strong></span> <span class='ocrx_word' id='word_1_90' title='bbox 1083 942 1116 975; x_wconf 76' lang='lat' dir='ltr'><strong>x</strong></span> <span class='ocrx_word' id='word_1_91' title='bbox 1134 943 1166 977; x_wconf 83' lang='lat'><strong>1.</strong></span> 
     </span>
    </p>

    <p class='ocr_par' dir='ltr' id='par_1_3' title="bbox 315 999 1962 1132">
     <span class='ocr_line' id='line_1_12' title="bbox 315 999 1962 1071; baseline -0.002 -15"><span class='ocrx_word' id='word_1_92' title='bbox 315 1009 412 1056; x_wconf 76' lang='lat' dir='ltr'><strong>ro</strong></span> <span class='ocrx_word' id='word_1_93' title='bbox 436 1008 678 1055; x_wconf 82' lang='grc' dir='ltr'>ΡΤΥΝΙ</span> <span class='ocrx_word' id='word_1_94' title='bbox 699 1008 823 1055; x_wconf 77' lang='grc' dir='ltr'><strong>ΩΝ.</strong></span> <span class='ocrx_word' id='word_1_95' title='bbox 882 1008 1385 1057; x_wconf 77' lang='grc' dir='ltr'>ΙΕΡΑΠΥΔΝΩ</span> <span class='ocrx_word' id='word_1_96' title='bbox 1406 1012 1467 1058; x_wconf 82' lang='lat' dir='ltr'><strong>N.</strong></span> <span class='ocrx_word' id='word_1_97' title='bbox 1499 1002 1589 1055; x_wconf 79' lang='lat' dir='ltr'><strong>De</strong></span> <span class='ocrx_word' id='word_1_98' title='bbox 1615 1017 1681 1053; x_wconf 89' lang='lat' dir='ltr'><strong>eo</strong></span> <span class='ocrx_word' id='word_1_99' title='bbox 1714 999 1962 1071; x_wconf 84' lang='lat' dir='ltr'><strong>dicemus,</strong></span> 
     </span>
     <span class='ocr_line' id='line_1_13' title="bbox 393 1073 1286 1132; baseline 0.01 -7"><span class='ocrx_word' id='word_1_100' title='bbox 393 1073 557 1123; x_wconf 76' lang='lat' dir='ltr'><strong>verbo</strong></span> <span class='ocrx_word' id='word_1_101' title='bbox 585 1085 767 1131; x_wconf 82' lang='lat' dir='ltr'>IEPA</span> <span class='ocrx_word' id='word_1_102' title='bbox 791 1084 1172 1132; x_wconf 80' lang='grc' dir='ltr'>ΠΥΔΝΩΝ.</span> <span class='ocrx_word' id='word_1_103' title='bbox 1283 1090 1286 1091; x_wconf 67' lang='grc'>’</span> 
     </span>
    </p>

    <p class='ocr_par' dir='ltr' id='par_1_4' title="bbox 314 1149 1964 1746">
     <span class='ocr_line' id='line_1_14' title="bbox 314 1149 1961 1219; baseline 0.001 -22"><span class='ocrx_word' id='word_1_104' title='bbox 314 1158 411 1206; x_wconf 80' lang='grc' dir='ltr'><strong>ΓΟ</strong></span> <span class='ocrx_word' id='word_1_105' title='bbox 431 1162 465 1204; x_wconf 86' lang='grc' dir='ltr'>Ρ</span> <span class='ocrx_word' id='word_1_106' title='bbox 482 1160 522 1204; x_wconf 89' lang='lat' dir='ltr'>T</span> <span class='ocrx_word' id='word_1_107' title='bbox 538 1160 580 1204; x_wconf 84' lang='grc' dir='ltr'><strong>Υ</strong></span> <span class='ocrx_word' id='word_1_108' title='bbox 599 1163 641 1206; x_wconf 82' lang='grc' dir='ltr'>Ν</span> <span class='ocrx_word' id='word_1_109' title='bbox 664 1161 683 1205; x_wconf 89' lang='grc' dir='ltr'>Ι</span> <span class='ocrx_word' id='word_1_110' title='bbox 705 1162 754 1206; x_wconf 81' lang='grc' dir='ltr'>Ω</span> <span class='ocrx_word' id='word_1_111' title='bbox 776 1163 835 1207; x_wconf 83' lang='lat' dir='ltr'><strong>N.</strong></span> <span class='ocrx_word' id='word_1_112' title='bbox 870 1154 1136 1204; x_wconf 62' lang='lat' dir='ltr'><strong>Nummus</strong></span> <span class='ocrx_word' id='word_1_113' title='bbox 1159 1149 1377 1202; x_wconf 77' lang='lat' dir='ltr'><strong>Graeciae</strong></span> <span class='ocrx_word' id='word_1_114' title='bbox 1396 1152 1582 1202; x_wconf 84' lang='lat' dir='ltr'><strong>veteris</strong></span> <span class='ocrx_word' id='word_1_115' title='bbox 1598 1192 1611 1214; x_wconf 86' lang='lat'><strong>,</strong></span> <span class='ocrx_word' id='word_1_116' title='bbox 1640 1149 1690 1199; x_wconf 86' lang='lat' dir='ltr'><strong>in</strong></span> <span class='ocrx_word' id='word_1_117' title='bbox 1722 1167 1828 1219; x_wconf 85' lang='lat' dir='ltr'><strong>quo</strong></span> <span class='ocrx_word' id='word_1_118' title='bbox 1859 1153 1961 1203; x_wconf 87' lang='lat' dir='ltr'><strong>Eu-</strong></span> 
     </span>
     <span class='ocr_line' id='line_1_15' title="bbox 391 1221 1961 1297; baseline -0.001 -25"><span class='ocrx_word' id='word_1_119' title='bbox 391 1240 520 1294; x_wconf 80' lang='lat' dir='ltr'><strong>ropa</strong></span> <span class='ocrx_word' id='word_1_120' title='bbox 551 1238 701 1274; x_wconf 80' lang='lat' dir='ltr'><strong>tauro</strong></span> <span class='ocrx_word' id='word_1_121' title='bbox 720 1267 734 1289; x_wconf 82' lang='lat'><strong>,</strong></span> <span class='ocrx_word' id='word_1_122' title='bbox 770 1224 874 1275; x_wconf 89' lang='lat' dir='ltr'><strong>hoc</strong></span> <span class='ocrx_word' id='word_1_123' title='bbox 901 1222 1001 1290; x_wconf 81' lang='lat' dir='ltr'><strong>est,</strong></span> <span class='ocrx_word' id='word_1_124' title='bbox 1022 1224 1161 1297; x_wconf 86' lang='lat' dir='ltr'><strong>Jove</strong></span> <span class='ocrx_word' id='word_1_125' title='bbox 1182 1266 1198 1290; x_wconf 85' lang='lat'><strong>,</strong></span> <span class='ocrx_word' id='word_1_126' title='bbox 1229 1238 1287 1274; x_wconf 89' lang='lat' dir='ltr'><strong>ut</strong></span> <span class='ocrx_word' id='word_1_127' title='bbox 1316 1232 1488 1296; x_wconf 68' lang='lat' dir='ltr'><strong>poeltae</strong></span> <span class='ocrx_word' id='word_1_128' title='bbox 1519 1221 1821 1276; x_wconf 78' lang='lat' dir='ltr'><strong>fabulantur</strong></span> <span class='ocrx_word' id='word_1_129' title='bbox 1845 1269 1858 1292; x_wconf 85' lang='lat'><strong>,</strong></span> <span class='ocrx_word' id='word_1_130' title='bbox 1883 1227 1961 1277; x_wconf 86' lang='lat' dir='ltr'><strong>in-</strong></span> 
     </span>
     <span class='ocr_line' id='line_1_16' title="bbox 392 1295 1961 1373; baseline 0.003 -26"><span class='ocrx_word' id='word_1_131' title='bbox 392 1299 551 1350; x_wconf 62' lang='lat' dir='ltr'><strong>vesta.</strong></span> <span class='ocrx_word' id='word_1_132' title='bbox 583 1296 773 1349; x_wconf 83' lang='lat' dir='ltr'><strong>Plinius</strong></span> <span class='ocrx_word' id='word_1_133' title='bbox 796 1340 810 1362; x_wconf 87' lang='lat'><strong>,</strong></span> <span class='ocrx_word' id='word_1_134' title='bbox 842 1295 930 1350; x_wconf 85' lang='lat' dir='ltr'><strong>lib.</strong></span> <span class='ocrx_word' id='word_1_135' title='bbox 963 1314 1084 1350; x_wconf 84' lang='lat' dir='ltr'>x11.</span> <span class='ocrx_word' id='word_1_136' title='bbox 1123 1296 1240 1350; x_wconf 64' lang='lat' dir='ltr'><strong>sect.</strong></span> <span class='ocrx_word' id='word_1_137' title='bbox 1284 1317 1335 1351; x_wconf 89' lang='lat' dir='ltr'><strong>v.</strong></span> <span class='ocrx_word' id='word_1_138' title='bbox 1385 1300 1468 1366; x_wconf 80' lang='lat' dir='ltr'><strong>Est</strong></span> <span class='ocrx_word' id='word_1_139' title='bbox 1489 1307 1712 1370; x_wconf 81' lang='lat' dir='ltr'><strong>Gortynae</strong></span> <span class='ocrx_word' id='word_1_140' title='bbox 1733 1306 1778 1348; x_wconf 73' lang='lat' dir='ltr'><strong>in</strong></span> <span class='ocrx_word' id='word_1_141' title='bbox 1798 1299 1961 1373; x_wconf 77' lang='lat' dir='ltr'><strong>infida</strong></span> 
     </span>
     <span class='ocr_line' id='line_1_17' title="bbox 393 1368 1962 1447; baseline 0.001 -21"><span class='ocrx_word' id='word_1_142' title='bbox 393 1379 546 1426; x_wconf 80' lang='lat' dir='ltr'><strong>Creta</strong></span> <span class='ocrx_word' id='word_1_143' title='bbox 568 1374 720 1438; x_wconf 68' lang='lat' dir='ltr'><em>juxta</em></span> <span class='ocrx_word' id='word_1_144' title='bbox 736 1368 925 1438; x_wconf 79' lang='lat' dir='ltr'><strong>fontem</strong></span> <span class='ocrx_word' id='word_1_145' title='bbox 946 1369 1183 1441; x_wconf 75' lang='lat' dir='ltr'><strong>platanus</strong></span> <span class='ocrx_word' id='word_1_146' title='bbox 1215 1390 1314 1424; x_wconf 72' lang='lat' dir='ltr'><strong>una</strong></span> <span class='ocrx_word' id='word_1_147' title='bbox 1333 1414 1347 1435; x_wconf 92' lang='lat'><strong>,</strong></span> <span class='ocrx_word' id='word_1_148' title='bbox 1380 1371 1570 1447; x_wconf 75' lang='lat' dir='ltr'><strong>instgm&#39;s</strong></span> <span class='ocrx_word' id='word_1_149' title='bbox 1591 1373 1837 1446; x_wconf 77' lang='lat' dir='ltr'><strong>utriusque</strong></span> <span class='ocrx_word' id='word_1_150' title='bbox 1866 1375 1962 1427; x_wconf 81' lang='lat' dir='ltr'><strong>lin-</strong></span> 
     </span>
     <span class='ocr_line' id='line_1_18' title="bbox 390 1446 1964 1520; baseline 0.003 -21"><span class='ocrx_word' id='word_1_151' title='bbox 390 1466 497 1520; x_wconf 73' lang='lat' dir='ltr'><strong>guae</strong></span> <span class='ocrx_word' id='word_1_152' title='bbox 518 1457 859 1510; x_wconf 70' lang='lat' dir='ltr'><strong>monumentis,</strong></span> <span class='ocrx_word' id='word_1_153' title='bbox 892 1446 1284 1517; x_wconf 69' lang='lat' dir='ltr'><strong>nunquamfolz&#39;a</strong></span> <span class='ocrx_word' id='word_1_154' title='bbox 1316 1449 1563 1501; x_wconf 67' lang='lat' dir='ltr'><strong>dimittens</strong></span> <span class='ocrx_word' id='word_1_155' title='bbox 1595 1475 1609 1502; x_wconf 93' lang='lat'><strong>.·</strong></span> <span class='ocrx_word' id='word_1_156' title='bbox 1623 1450 1895 1519; x_wconf 77' lang='lat' dir='ltr'><strong>statimque</strong></span> <span class='ocrx_word' id='word_1_157' title='bbox 1919 1456 1964 1503; x_wconf 83' lang='lat' dir='ltr'><strong>ei</strong></span> 
     </span>
     <span class='ocr_line' id='line_1_19' title="bbox 394 1519 1963 1596; baseline 0 -20"><span class='ocrx_word' id='word_1_158' title='bbox 394 1529 591 1576; x_wconf 71' lang='lat' dir='ltr'><strong>Graecjae</strong></span> <span class='ocrx_word' id='word_1_159' title='bbox 609 1520 910 1595; x_wconf 56' lang='lat' dir='ltr'><strong>fabulositas</strong></span> <span class='ocrx_word' id='word_1_160' title='bbox 943 1519 1205 1589; x_wconf 73' lang='lat' dir='ltr'><strong>superfuit,</strong></span> <span class='ocrx_word' id='word_1_161' title='bbox 1228 1531 1405 1576; x_wconf 81' lang='lat' dir='ltr'><strong>Iovem</strong></span> <span class='ocrx_word' id='word_1_162' title='bbox 1416 1521 1508 1596; x_wconf 80' lang='lat' dir='ltr'><strong>sub</strong></span> <span class='ocrx_word' id='word_1_163' title='bbox 1543 1543 1599 1575; x_wconf 83' lang='lat' dir='ltr'><strong>ea</strong></span> <span class='ocrx_word' id='word_1_164' title='bbox 1631 1541 1735 1575; x_wconf 80' lang='lat' dir='ltr'><strong>cum</strong></span> <span class='ocrx_word' id='word_1_165' title='bbox 1767 1532 1963 1596; x_wconf 77' lang='lat' dir='ltr'><strong>Europa</strong></span> 
     </span>
     <span class='ocr_line' id='line_1_20' title="bbox 393 1590 1963 1672; baseline 0.003 -22"><span class='ocrx_word' id='word_1_166' title='bbox 393 1596 690 1669; x_wconf 61' lang='lat' dir='ltr'><strong>concubuffz</strong></span> <span class='ocrx_word' id='word_1_167' title='bbox 720 1598 785 1651; x_wconf 85' lang='lat' dir='ltr'><strong>Et</strong></span> <span class='ocrx_word' id='word_1_168' title='bbox 811 1598 884 1652; x_wconf 88' lang='lat' dir='ltr'><strong>est</strong></span> <span class='ocrx_word' id='word_1_169' title='bbox 902 1590 951 1650; x_wconf 74' lang='lat' dir='ltr'><strong>in</strong></span> <span class='ocrx_word' id='word_1_170' title='bbox 982 1596 1153 1649; x_wconf 85' lang='lat' dir='ltr'><strong>aversa</strong></span> <span class='ocrx_word' id='word_1_171' title='bbox 1178 1600 1377 1650; x_wconf 85' lang='lat' dir='ltr'><strong>nummi</strong></span> <span class='ocrx_word' id='word_1_172' title='bbox 1405 1611 1554 1672; x_wconf 82' lang='lat' dir='ltr'><strong>parte</strong></span> <span class='ocrx_word' id='word_1_173' title='bbox 1584 1613 1753 1651; x_wconf 84' lang='lat' dir='ltr'><strong>taurus</strong></span> <span class='ocrx_word' id='word_1_174' title='bbox 1776 1597 1963 1654; x_wconf 84' lang='lat' dir='ltr'><strong>inscul-</strong></span> 
     </span>
     <span class='ocr_line' id='line_1_21' title="bbox 393 1689 528 1746; baseline 0.007 -22"><span class='ocrx_word' id='word_1_175' title='bbox 393 1689 528 1746; x_wconf 77' lang='lat' dir='ltr'><strong>ptuS.</strong></span> 
     </span>
    </p>
   </div>
   <div class='ocr_carea' id='block_1_2' title="bbox 244 1747 2003 3095">
    <p class='ocr_par' dir='ltr' id='par_1_5' title="bbox 244 1747 2003 3095">
     <span class='ocr_line' id='line_1_22' title="bbox 244 1747 812 1804; baseline -0.002 -3"><span class='ocrx_word' id='word_1_176' title='bbox 244 1747 298 1801; x_wconf 84' lang='lat' dir='ltr'>G</span> <span class='ocrx_word' id='word_1_177' title='bbox 320 1749 366 1802; x_wconf 88' lang='lat' dir='ltr'>R</span> <span class='ocrx_word' id='word_1_178' title='bbox 390 1753 427 1800; x_wconf 83' lang='lat' dir='ltr'>A</span> <span class='ocrx_word' id='word_1_179' title='bbox 453 1753 500 1804; x_wconf 89' lang='lat' dir='ltr'>C</span> <span class='ocrx_word' id='word_1_180' title='bbox 522 1752 569 1802; x_wconf 91' lang='lat' dir='ltr'>C</span> <span class='ocrx_word' id='word_1_181' title='bbox 585 1752 633 1803; x_wconf 93' lang='lat' dir='ltr'>V</span> <span class='ocrx_word' id='word_1_182' title='bbox 653 1751 702 1802; x_wconf 88' lang='lat' dir='ltr'>R</span> <span class='ocrx_word' id='word_1_183' title='bbox 721 1749 743 1800; x_wconf 93' lang='grc' dir='ltr'>Ι</span> <span class='ocrx_word' id='word_1_184' title='bbox 762 1749 812 1802; x_wconf 91' lang='lat' dir='ltr'><strong>S.</strong></span> 
     </span>
     <span class='ocr_line' id='line_1_23' title="bbox 315 1821 1959 1892; baseline 0 -14"><span class='ocrx_word' id='word_1_185' title='bbox 315 1828 374 1878; x_wconf 89' lang='lat' dir='ltr'>M</span> <span class='ocrx_word' id='word_1_186' title='bbox 397 1825 737 1880; x_wconf 89' lang='lat' dir='ltr'><strong>VNICIP.</strong></span> <span class='ocrx_word' id='word_1_187' title='bbox 802 1824 854 1877; x_wconf 87' lang='lat' dir='ltr'>G</span> <span class='ocrx_word' id='word_1_188' title='bbox 876 1821 1057 1876; x_wconf 79' lang='lat' dir='ltr'><strong>RAC</strong></span> <span class='ocrx_word' id='word_1_189' title='bbox 1083 1824 1299 1877; x_wconf 86' lang='lat' dir='ltr'>CVRI</span> <span class='ocrx_word' id='word_1_190' title='bbox 1321 1824 1370 1878; x_wconf 89' lang='lat' dir='ltr'><strong>S.</strong></span> <span class='ocrx_word' id='word_1_191' title='bbox 1428 1823 1630 1876; x_wconf 86' lang='lat' dir='ltr'><strong>Tiberii</strong></span> <span class='ocrx_word' id='word_1_192' title='bbox 1677 1841 1920 1878; x_wconf 84' lang='lat' dir='ltr'><strong>nummus</strong></span> <span class='ocrx_word' id='word_1_193' title='bbox 1943 1864 1959 1892; x_wconf 82' lang='lat'>‚</span> 
     </span>
     <span class='ocr_line' id='line_1_24' title="bbox 389 1897 1961 1974; baseline 0.003 -25"><span class='ocrx_word' id='word_1_194' title='bbox 389 1897 528 1969; x_wconf 83' lang='lat' dir='ltr'><strong>apud</strong></span> <span class='ocrx_word' id='word_1_195' title='bbox 572 1900 738 1952; x_wconf 80' lang='lat' dir='ltr'><strong>Parin.</strong></span> <span class='ocrx_word' id='word_1_196' title='bbox 767 1915 884 1971; x_wconf 81' lang='lat' dir='ltr'><strong>pag.</strong></span> <span class='ocrx_word' id='word_1_197' title='bbox 929 1901 1012 1951; x_wconf 84' lang='lat'><strong>68.</strong></span> <span class='ocrx_word' id='word_1_198' title='bbox 1055 1914 1192 1947; x_wconf 85' lang='lat' dir='ltr'><strong>nunc</strong></span> <span class='ocrx_word' id='word_1_199' title='bbox 1237 1898 1448 1950; x_wconf 82' lang='lat' dir='ltr'><strong>Cimelii</strong></span> <span class='ocrx_word' id='word_1_200' title='bbox 1479 1900 1637 1970; x_wconf 82' lang='lat' dir='ltr'><strong>Regii</strong></span> <span class='ocrx_word' id='word_1_201' title='bbox 1664 1942 1678 1964; x_wconf 85' lang='lat'><strong>,</strong></span> <span class='ocrx_word' id='word_1_202' title='bbox 1722 1904 1776 1952; x_wconf 83' lang='lat'>&amp;</span> <span class='ocrx_word' id='word_1_203' title='bbox 1819 1900 1961 1974; x_wconf 87' lang='lat' dir='ltr'><strong>apud</strong></span> 
     </span>
     <span class='ocr_line' id='line_1_25' title="bbox 362 1973 1959 2046; baseline 0.003 -19"><span class='ocrx_word' id='word_1_204' title='bbox 362 1976 669 2027; x_wconf 69' lang='lat' dir='ltr'><strong>&#39;Occonem</strong></span> <span class='ocrx_word' id='word_1_205' title='bbox 691 2016 704 2039; x_wconf 81' lang='lat'><strong>,</strong></span> <span class='ocrx_word' id='word_1_206' title='bbox 732 1990 850 2046; x_wconf 84' lang='lat' dir='ltr'><strong>pag.</strong></span> <span class='ocrx_word' id='word_1_207' title='bbox 885 1992 975 2042; x_wconf 87' lang='lat'><strong>90.</strong></span> <span class='ocrx_word' id='word_1_208' title='bbox 1012 1973 1135 2026; x_wconf 90' lang='lat' dir='ltr'><strong>MV</strong></span> <span class='ocrx_word' id='word_1_209' title='bbox 1157 1976 1214 2030; x_wconf 93' lang='lat' dir='ltr'>N</span> <span class='ocrx_word' id='word_1_210' title='bbox 1237 1975 1259 2026; x_wconf 88' lang='lat' dir='ltr'>I</span> <span class='ocrx_word' id='word_1_211' title='bbox 1281 1973 1442 2027; x_wconf 90' lang='lat' dir='ltr'><strong>CIP.</strong></span> <span class='ocrx_word' id='word_1_212' title='bbox 1487 1973 1959 2031; x_wconf 81' lang='lat' dir='ltr'><strong>GRACCVR.</strong></span> 
     </span>
     <span class='ocr_line' id='line_1_26' title="bbox 389 2046 1960 2114; baseline 0.003 -13"><span class='ocrx_word' id='word_1_213' title='bbox 389 2051 450 2101; x_wconf 88' lang='lat' dir='ltr'><strong>In</strong></span> <span class='ocrx_word' id='word_1_214' title='bbox 478 2066 544 2101; x_wconf 91' lang='lat' dir='ltr'><strong>eo</strong></span> <span class='ocrx_word' id='word_1_215' title='bbox 584 2065 802 2100; x_wconf 86' lang='lat' dir='ltr'><strong>nummo</strong></span> <span class='ocrx_word' id='word_1_216' title='bbox 843 2046 938 2099; x_wconf 85' lang='lat' dir='ltr'><strong>bos</strong></span> <span class='ocrx_word' id='word_1_217' title='bbox 964 2049 1187 2099; x_wconf 83' lang='lat' dir='ltr'><strong>vittatus</strong></span> <span class='ocrx_word' id='word_1_218' title='bbox 1217 2090 1231 2114; x_wconf 86' lang='lat'>‚</span> <span class='ocrx_word' id='word_1_219' title='bbox 1273 2049 1492 2101; x_wconf 61' lang='lat' dir='ltr'><strong>victimae</strong></span> <span class='ocrx_word' id='word_1_220' title='bbox 1535 2050 1639 2099; x_wconf 89' lang='lat' dir='ltr'><strong>ritu</strong></span> <span class='ocrx_word' id='word_1_221' title='bbox 1679 2067 1741 2101; x_wconf 89' lang='lat' dir='ltr'><strong>ac</strong></span> <span class='ocrx_word' id='word_1_222' title='bbox 1783 2067 1960 2105; x_wconf 84' lang='lat' dir='ltr'><strong>more:</strong></span> 
     </span>
     <span class='ocr_line' id='line_1_27' title="bbox 388 2117 1956 2199; baseline 0.002 -24"><span class='ocrx_word' id='word_1_223' title='bbox 388 2122 539 2195; x_wconf 87' lang='lat' dir='ltr'><strong>quod</strong></span> <span class='ocrx_word' id='word_1_224' title='bbox 579 2139 638 2176; x_wconf 87' lang='lat' dir='ltr'><strong>ea</strong></span> <span class='ocrx_word' id='word_1_225' title='bbox 676 2121 847 2174; x_wconf 84' lang='lat' dir='ltr'><strong>hostia</strong></span> <span class='ocrx_word' id='word_1_226' title='bbox 880 2122 1027 2175; x_wconf 83' lang='lat' dir='ltr'><strong>litare</strong></span> <span class='ocrx_word' id='word_1_227' title='bbox 1065 2117 1114 2174; x_wconf 82' lang='lat' dir='ltr'><strong>se</strong></span> <span class='ocrx_word' id='word_1_228' title='bbox 1138 2124 1261 2197; x_wconf 88' lang='lat' dir='ltr'><strong>Jovi</strong></span> <span class='ocrx_word' id='word_1_229' title='bbox 1285 2166 1300 2190; x_wconf 83' lang='lat'><strong>,</strong></span> <span class='ocrx_word' id='word_1_230' title='bbox 1342 2140 1439 2198; x_wconf 88' lang='lat' dir='ltr'><strong>pro</strong></span> <span class='ocrx_word' id='word_1_231' title='bbox 1478 2121 1641 2177; x_wconf 87' lang='lat' dir='ltr'><strong>salute</strong></span> <span class='ocrx_word' id='word_1_232' title='bbox 1672 2126 1956 2199; x_wconf 82' lang='lat' dir='ltr'><strong>PrincipiS,</strong></span> 
     </span>
     <span class='ocr_line' id='line_1_28' title="bbox 390 2198 1997 2271; baseline 0.002 -23"><span class='ocrx_word' id='word_1_233' title='bbox 390 2199 757 2256; x_wconf 85' lang='lat' dir='ltr'><strong>Graccuritani</strong></span> <span class='ocrx_word' id='word_1_234' title='bbox 784 2214 1000 2250; x_wconf 83' lang='lat' dir='ltr'><strong>nummo</strong></span> <span class='ocrx_word' id='word_1_235' title='bbox 1035 2213 1099 2249; x_wconf 88' lang='lat' dir='ltr'><strong>eo</strong></span> <span class='ocrx_word' id='word_1_236' title='bbox 1136 2198 1405 2252; x_wconf 86' lang='lat' dir='ltr'><strong>testantur.</strong></span> <span class='ocrx_word' id='word_1_237' title='bbox 1475 2199 1595 2251; x_wconf 89' lang='lat' dir='ltr'><strong>Fuit</strong></span> <span class='ocrx_word' id='word_1_238' title='bbox 1623 2202 1762 2252; x_wconf 87' lang='lat' dir='ltr'><strong>enim</strong></span> <span class='ocrx_word' id='word_1_239' title='bbox 1789 2200 1960 2271; x_wconf 83' lang='lat' dir='ltr'><strong>major</strong></span> <span class='ocrx_word' id='word_1_240' title='bbox 1995 2232 1997 2234; x_wconf 96' lang='lat'>-</span> 
     </span>
     <span class='ocr_line' id='line_1_29' title="bbox 386 2270 1956 2346; baseline -0.003 -21"><span class='ocrx_word' id='word_1_241' title='bbox 386 2273 501 2326; x_wconf 66' lang='lat' dir='ltr'><strong>haec</strong></span> <span class='ocrx_word' id='word_1_242' title='bbox 524 2272 860 2346; x_wconf 36' lang='lat' dir='ltr'><strong>victima-jovi</strong></span> <span class='ocrx_word' id='word_1_243' title='bbox 885 2270 1275 2342; x_wconf 85' lang='lat' dir='ltr'><strong>majoribusque</strong></span> <span class='ocrx_word' id='word_1_244' title='bbox 1303 2275 1423 2329; x_wconf 87' lang='lat' dir='ltr'><strong>Diis</strong></span> <span class='ocrx_word' id='word_1_245' title='bbox 1452 2271 1640 2325; x_wconf 87' lang='lat' dir='ltr'><strong>dicata.</strong></span> <span class='ocrx_word' id='word_1_246' title='bbox 1669 2273 1956 2326; x_wconf 81' lang='lat' dir='ltr'><strong>Tertullia-</strong></span> 
     </span>
     <span class='ocr_line' id='line_1_30' title="bbox 387 2342 1957 2418; baseline 0.001 -19"><span class='ocrx_word' id='word_1_247' title='bbox 387 2366 517 2413; x_wconf 71' lang='lat' dir='ltr'><strong>nm,</strong></span> <span class='ocrx_word' id='word_1_248' title='bbox 547 2345 635 2400; x_wconf 89' lang='lat' dir='ltr'><strong>lib.</strong></span> <span class='ocrx_word' id='word_1_249' title='bbox 666 2345 732 2396; x_wconf 88' lang='lat' dir='ltr'><strong>de</strong></span> <span class='ocrx_word' id='word_1_250' title='bbox 761 2346 1012 2412; x_wconf 85' lang='lat' dir='ltr'><strong>Corona,</strong></span> <span class='ocrx_word' id='word_1_251' title='bbox 1040 2362 1154 2418; x_wconf 86' lang='lat' dir='ltr'><strong>cap.</strong></span> <span class='ocrx_word' id='word_1_252' title='bbox 1178 2364 1211 2397; x_wconf 82' lang='lat' dir='ltr'>x</span> <span class='ocrx_word' id='word_1_253' title='bbox 1230 2365 1246 2398; x_wconf 94' lang='lat'>1</span> <span class='ocrx_word' id='word_1_254' title='bbox 1269 2368 1305 2399; x_wconf 89' lang='lat'><strong>1.</strong></span> <span class='ocrx_word' id='word_1_255' title='bbox 1364 2355 1507 2401; x_wconf 82' lang='lat' dir='ltr'><strong>Tunc</strong></span> <span class='ocrx_word' id='word_1_256' title='bbox 1533 2342 1628 2396; x_wconf 78' lang='lat' dir='ltr'><strong>tz&#39;bi</strong></span> <span class='ocrx_word' id='word_1_257' title='bbox 1647 2388 1662 2409; x_wconf 91' lang='lat'>‚</span> <span class='ocrx_word' id='word_1_258' title='bbox 1699 2354 1957 2416; x_wconf 79' lang='lat' dir='ltr'><strong>Iuppiter,</strong></span> 
     </span>
     <span class='ocr_line' id='line_1_31' title="bbox 389 2417 1956 2492; baseline -0.001 -19"><span class='ocrx_word' id='word_1_259' title='bbox 389 2421 515 2475; x_wconf 85' lang='lat' dir='ltr'><strong>bove</strong></span> <span class='ocrx_word' id='word_1_260' title='bbox 544 2417 758 2474; x_wconf 68' lang='lat' dir='ltr'><strong>cornibws</strong></span> <span class='ocrx_word' id='word_1_261' title='bbox 784 2438 903 2472; x_wconf 73' lang='lat' dir='ltr'><strong>auro</strong></span> <span class='ocrx_word' id='word_1_262' title='bbox 930 2419 1167 2475; x_wconf 71' lang='lat' dir='ltr'><strong>decoram</strong></span> <span class='ocrx_word' id='word_1_263' title='bbox 1193 2440 1435 2472; x_wconf 68' lang='lat' dir='ltr'><strong>vovemzos</strong></span> <span class='ocrx_word' id='word_1_264' title='bbox 1472 2421 1556 2492; x_wconf 82' lang='lat' dir='ltr'><strong>effe</strong></span> <span class='ocrx_word' id='word_1_265' title='bbox 1570 2418 1817 2485; x_wconf 67' lang='lat' dir='ltr'><strong>futurum.-</strong></span> <span class='ocrx_word' id='word_1_266' title='bbox 1846 2426 1956 2478; x_wconf 82' lang='lat' dir='ltr'><strong>Ve-</strong></span> 
     </span>
     <span class='ocr_line' id='line_1_32' title="bbox 392 2494 2003 2568; baseline 0.004 -21"><span class='ocrx_word' id='word_1_267' title='bbox 392 2512 472 2548; x_wconf 86' lang='lat' dir='ltr'><strong>tus</strong></span> <span class='ocrx_word' id='word_1_268' title='bbox 511 2496 775 2568; x_wconf 84' lang='lat' dir='ltr'><strong>inscriptio</strong></span> <span class='ocrx_word' id='word_1_269' title='bbox 816 2496 1050 2548; x_wconf 82' lang='lat' dir='ltr'><strong>Fratrum</strong></span> <span class='ocrx_word' id='word_1_270' title='bbox 1091 2494 1360 2547; x_wconf 82' lang='lat' dir='ltr'><strong>Arvalium</strong></span> <span class='ocrx_word' id='word_1_271' title='bbox 1392 2541 1407 2563; x_wconf 79' lang='lat'><strong>,</strong></span> <span class='ocrx_word' id='word_1_272' title='bbox 1453 2495 1596 2568; x_wconf 88' lang='lat' dir='ltr'><strong>apud</strong></span> <span class='ocrx_word' id='word_1_273' title='bbox 1634 2497 1955 2553; x_wconf 85' lang='lat' dir='ltr'><strong>Gruterum:</strong></span> <span class='ocrx_word' id='word_1_274' title='bbox 2001 2531 2003 2533; x_wconf 91' lang='lat'>·</span> 
     </span>
     <span class='ocr_line' id='line_1_33' title="bbox 393 2570 1955 2630; baseline 0.003 -8"><span class='ocrx_word' id='word_1_275' title='bbox 393 2571 650 2624; x_wconf 87' lang='lat' dir='ltr'>BOVE.</span> <span class='ocrx_word' id='word_1_276' title='bbox 710 2570 1037 2626; x_wconf 83' lang='lat' dir='ltr'><strong>AVRAT</strong></span> <span class='ocrx_word' id='word_1_277' title='bbox 1064 2572 1134 2625; x_wconf 88' lang='lat' dir='ltr'><strong>O.</strong></span> <span class='ocrx_word' id='word_1_278' title='bbox 1195 2572 1668 2629; x_wconf 84' lang='lat' dir='ltr'>VOVEMVS.</span> <span class='ocrx_word' id='word_1_279' title='bbox 1734 2574 1955 2630; x_wconf 89' lang='lat' dir='ltr'><strong>ESSE.</strong></span> 
     </span>
     <span class='ocr_line' id='line_1_34' title="bbox 385 2644 1452 2718; baseline -0.004 -19"><span class='ocrx_word' id='word_1_280' title='bbox 385 2646 850 2700; x_wconf 83' lang='lat' dir='ltr'>FVTVRVM.</span> <span class='ocrx_word' id='word_1_281' title='bbox 885 2644 1073 2698; x_wconf 83' lang='lat' dir='ltr'><strong>Maro:</strong></span> <span class='ocrx_word' id='word_1_282' title='bbox 1444 2713 1452 2718; x_wconf 15' lang='grc' dir='ltr'><strong>ἦ</strong></span> 
     </span>
     <span class='ocr_line' id='line_1_35' title="bbox 468 2719 1770 2791; baseline 0.003 -17"><span class='ocrx_word' id='word_1_283' title='bbox 468 2722 772 2789; x_wconf 76' lang='lat' dir='ltr'><strong>Etstatuam</strong></span> <span class='ocrx_word' id='word_1_284' title='bbox 802 2736 922 2772; x_wconf 80' lang='lat' dir='ltr'><strong>ante</strong></span> <span class='ocrx_word' id='word_1_285' title='bbox 947 2738 1068 2773; x_wconf 75' lang='lat' dir='ltr'><strong>aras</strong></span> <span class='ocrx_word' id='word_1_286' title='bbox 1090 2733 1282 2772; x_wconf 79' lang='lat' dir='ltr'><strong>aurata</strong></span> <span class='ocrx_word' id='word_1_287' title='bbox 1299 2719 1472 2787; x_wconf 80' lang='lat' dir='ltr'><strong>fronte</strong></span> <span class='ocrx_word' id='word_1_288' title='bbox 1487 2723 1770 2791; x_wconf 82' lang='lat' dir='ltr'><strong>juvencum.</strong></span> 
     </span>
     <span class='ocr_line' id='line_1_36' title="bbox 388 2792 1952 2866; baseline 0.002 -18"><span class='ocrx_word' id='word_1_289' title='bbox 388 2795 554 2848; x_wconf 88' lang='lat' dir='ltr'><strong>Marti</strong></span> <span class='ocrx_word' id='word_1_290' title='bbox 582 2792 771 2847; x_wconf 88' lang='lat' dir='ltr'><strong>bovem</strong></span> <span class='ocrx_word' id='word_1_291' title='bbox 790 2796 1118 2849; x_wconf 85' lang='lat' dir='ltr'><strong>immolatum</strong></span> <span class='ocrx_word' id='word_1_292' title='bbox 1139 2840 1153 2863; x_wconf 87' lang='lat'><strong>,</strong></span> <span class='ocrx_word' id='word_1_293' title='bbox 1183 2814 1246 2850; x_wconf 86' lang='lat' dir='ltr'><strong>ex</strong></span> <span class='ocrx_word' id='word_1_294' title='bbox 1272 2796 1442 2854; x_wconf 89' lang='lat' dir='ltr'><strong>Plinio</strong></span> <span class='ocrx_word' id='word_1_295' title='bbox 1470 2797 1690 2866; x_wconf 81' lang='lat' dir='ltr'><strong>scimuS‚</strong></span> <span class='ocrx_word' id='word_1_296' title='bbox 1708 2798 1799 2853; x_wconf 89' lang='lat' dir='ltr'><strong>lib.</strong></span> <span class='ocrx_word' id='word_1_297' title='bbox 1817 2814 1952 2851; x_wconf 82' lang='lat' dir='ltr'>xx11.</span> 
     </span>
     <span class='ocr_line' id='line_1_37' title="bbox 386 2868 1956 2945; baseline -0.001 -24"><span class='ocrx_word' id='word_1_298' title='bbox 386 2868 505 2924; x_wconf 69' lang='lat' dir='ltr'><strong>sest.</strong></span> <span class='ocrx_word' id='word_1_299' title='bbox 538 2889 586 2923; x_wconf 82' lang='grc' dir='ltr'><strong>ν.</strong></span> <span class='ocrx_word' id='word_1_300' title='bbox 630 2871 887 2943; x_wconf 84' lang='lat' dir='ltr'><strong>Livioque</strong></span> <span class='ocrx_word' id='word_1_301' title='bbox 914 2916 928 2940; x_wconf 87' lang='lat'><strong>,</strong></span> <span class='ocrx_word' id='word_1_302' title='bbox 962 2870 1052 2926; x_wconf 89' lang='lat' dir='ltr'><strong>lib.</strong></span> <span class='ocrx_word' id='word_1_303' title='bbox 1088 2890 1205 2926; x_wconf 89' lang='lat' dir='ltr'>v11.</span> <span class='ocrx_word' id='word_1_304' title='bbox 1243 2889 1360 2945; x_wconf 78' lang='lat' dir='ltr'><strong>pag.</strong></span> <span class='ocrx_word' id='word_1_305' title='bbox 1395 2893 1483 2944; x_wconf 78' lang='lat'>133.</span> <span class='ocrx_word' id='word_1_306' title='bbox 1544 2873 1613 2926; x_wconf 87' lang='lat' dir='ltr'><strong>Et</strong></span> <span class='ocrx_word' id='word_1_307' title='bbox 1651 2876 1956 2938; x_wconf 23' lang='lat' dir='ltr'><strong>inlnummo</strong></span> 
     </span>
     <span class='ocr_line' id='line_1_38' title="bbox 387 2946 1957 3021; baseline -0.001 -23"><span class='ocrx_word' id='word_1_308' title='bbox 387 2946 683 2998; x_wconf 87' lang='lat' dir='ltr'><strong>Domitiani</strong></span> <span class='ocrx_word' id='word_1_309' title='bbox 708 2947 919 3018; x_wconf 87' lang='lat' dir='ltr'><strong>quidem</strong></span> <span class='ocrx_word' id='word_1_310' title='bbox 939 2990 954 3015; x_wconf 82' lang='lat'><strong>,</strong></span> <span class='ocrx_word' id='word_1_311' title='bbox 985 2965 1093 3018; x_wconf 89' lang='lat' dir='ltr'><strong>quo</strong></span> <span class='ocrx_word' id='word_1_312' title='bbox 1119 2946 1372 2999; x_wconf 83' lang='lat' dir='ltr'><strong>saecularia</strong></span> <span class='ocrx_word' id='word_1_313' title='bbox 1392 2947 1528 3000; x_wconf 87' lang='lat' dir='ltr'><strong>sacra</strong></span> <span class='ocrx_word' id='word_1_314' title='bbox 1555 2951 1757 3021; x_wconf 79' lang='lat' dir='ltr'><strong>peragit</strong></span> <span class='ocrx_word' id='word_1_315' title='bbox 1784 2950 1957 3018; x_wconf 84' lang='lat' dir='ltr'><strong>Impe-</strong></span> 
     </span>
     <span class='ocr_line' id='line_1_39' title="bbox 387 3021 1957 3095; baseline 0.003 -27"><span class='ocrx_word' id='word_1_316' title='bbox 387 3033 558 3088; x_wconf 82' lang='lat' dir='ltr'><strong>rator,</strong></span> <span class='ocrx_word' id='word_1_317' title='bbox 595 3021 799 3076; x_wconf 69' lang='lat' dir='ltr'><strong>vifflma</strong></span> <span class='ocrx_word' id='word_1_318' title='bbox 818 3035 992 3074; x_wconf 85' lang='lat' dir='ltr'><strong>taurus</strong></span> <span class='ocrx_word' id='word_1_319' title='bbox 1022 3021 1264 3095; x_wconf 82' lang='lat' dir='ltr'><strong>apposita</strong></span> <span class='ocrx_word' id='word_1_320' title='bbox 1287 3026 1543 3091; x_wconf 84' lang='lat' dir='ltr'><strong>cernitur,</strong></span> <span class='ocrx_word' id='word_1_321' title='bbox 1576 3039 1691 3076; x_wconf 88' lang='lat' dir='ltr'><strong>cum</strong></span> <span class='ocrx_word' id='word_1_322' title='bbox 1725 3022 1957 3088; x_wconf 85' lang='lat' dir='ltr'><strong>tibicine,</strong></span> 
     </span>
    </p>
   </div>
  </div>
 </body>
</html>
