2228 3428
1757 260 1855 312 593

143 549 803 675 ERRATA
910 550 1881 649 OPERARUM

369 748 510 819 ET
588 753 921 821 CURAE
1025 752 1625 825 SECUNDAE.

296 917 396 988 Ag.
427 916 474 967 6.
506 933 554 967 v,
577 915 878 984 antepenult.
908 914 1286 987 reponendum.
1324 917 1505 971 Adde.-
1534 933 1590 970 ut
1624 923 1675 973 in
1714 923 1879 977 Cara-

147 916 266 1065 P
338 989 478 1043 callae
507 1007 730 1044 nummo
749 1035 761 1059 ‚
784 1008 812 1044 e
834 990 1062 1043 Cimelio
1091 988 1324 1047 Sereniff.
1351 995 1520 1048 Ducis
1552 995 1769 1050 Etruriae
1800 998 1883 1067 le<

219 1082 408 1140 gerunt
435 1064 533 1119 alii.

143 1141 270 1213 Pag,
304 1163 380 1213 27.
408 1161 456 1197 v.
481 1146 528 1194 6.
556 1142 633 1193 Ex
662 1140 825 1194 altera
853 1140 1148 1216 superficie,
1171 1157 1244 1200 M.
1280 1156 1325 1202 A
1343 1159 1378 1203 Ε
1397 1156 1446 1203 Π
1467 1158 1489 1202 1
1509 1156 1620 1206 ΔΟ
1639 1157 1698 1209 Σ.
1725 1158 1877 1225 Lege,

222 1219 300 1269 Ex
331 1216 488 1267 altera
509 1215 777 1288 superficie
795 1262 809 1284 ‚
850 1222 895 1271 A
915 1220 957 1273 L
973 1223 1011 1275 E
1030 1222 1083 1273 X
1099 1220 1146 1271 A
1167 1223 1219 1276 N
1242 1225 1296 1277 D
1319 1225 1366 1274 R
1387 1224 1424 1274 E
1443 1224 1506 1276 A.
1559 1225 1741 1297 Caput
1767 1241 1878 1279 tur„

220 1293 393 1344 ritum.
430 1291 590 1361 Apud
627 1292 910 1345 Oeconem
932 1338 944 1361 ‚
966 1311 1083 1366 pag.
1134 1316 1223 1348 21.
1257 1297 1485 1365 Deinde,
1521 1318 1731 1354 nummus
1752 1303 1879 1356 alius

220 1373 434 1434 apriore
461 1365 712 1437 diversits‚
755 1382 825 1426 Μ.
863 1380 909 1426 Α
927 1382 960 1426 Ε
978 1380 1026 1426 Π
1045 1379 1131 1426 m
1149 1379 1256 1430 ΟΣ
1281 1418 1294 1441 ,
1337 1378 1437 1427 &C-

143 1438 269 1514 Pag.
295 1451 365 1499 28.
391 1461 438 1495 v.
461 1461 526 1512 35.
549 1441 705 1495 Urbis
730 1462 891 1497 annus
920 1466 957 1501 D
976 1465 1008 1501 C
1028 1465 1059 1500 C
1077 1464 1111 1499 C
1130 1466 1162 1501 C
1180 1466 1210 1499 L
1227 1467 1316 1502 ΧΧ
1337 1470 1353 1501 1
1378 1494 1386 1503 .
1407 1492 1416 1502 .
1437 1491 1479 1502 ..
1507 1450 1774 1524 Elagabali
1798 1453 1875 1506 se-

223 1516 440 1572 cunduS.
467 1524 604 1591 Lege
624 1560 638 1584 ‚
662 1519 817 1572 Urbis
850 1538 1013 1572 annus
1041 1540 1077 1577 D
1096 1541 1128 1576 c
1147 1542 1180 1578 C
1197 1541 1229 1577 C
1247 1542 1280 1577 C
1299 1544 1330 1578 L
1350 1544 1388 1577 X
1408 1544 1477 1579 Χ.
1500 1568 1568 1582 ...
1607 1528 1879 1602 Elagabali

262 1610 432 1645 umus,

144 1609 270 1740 Pa}
296 1687 362 1736 31.
385 1685 434 1723 v,
461 1673 506 1722 6.
533 1667 831 1725 Cretenses.
861 1670 1018 1724 Adde
1040 1693 1054 1721 .·
1092 1673 1179 1726 Est
1204 1674 1288 1725 hic
1318 1691 1560 1726 nummus
1589 1692 1616 1727 e
1650 1678 1879 1733 Cimeh'o

222 1745 414 1816 Regio,

144 1814 270 1893 Pag.
290 1839 357 1890 35.
378 1837 426 1872 v,
457 1841 542 1889 27.
573 1825 829 1876 Praetores.
851 1820 1034 1875 Adde:
1064 1819 1292 1876 Praefert
1306 1838 1479 1877 autem
1503 1826 1588 1878 hic
1615 1842 1877 1899 numium,

222 1894 370 1968 quod
398 1912 542 1968 paene
581 1897 845 1947 exciderat
866 1940 878 1961 ,
911 1899 1095 1969 ingens
1137 1897 1406 1967 quoddam
1442 1902 1717 1955 aedificium
1743 1947 1757 1970 ,
1795 1908 1880 1958 cui

221 1967 420 2040 Aquila
443 1967 660 2022 insidet:
688 1989 795 2042 quo
827 1968 1071 2042 symbolo
1107 1970 1288 2023 urbem
1324 1973 1558 2026 indicant
1586 1974 1674 2029 sub
1703 1981 1880 2052 Impe-

220 2046 407 2098 tatoris
436 2046 663 2099 Romani
683 2043 849 2097 tutela
876 2045 992 2098 effe.
1023 2048 1187 2120 Supra
1211 2065 1364 2099 curru
1389 2051 1703 2124 quadrijugo
1736 2055 1882 2106 vehi-

221 2136 308 2173 tur
326 2123 622 2192 Imperator
641 2118 774 2193 ipse,
807 2121 939 2175 Solis
966 2120 1155 2195 effigie.
1187 2122 1370 2175 Annus
1397 2121 1601 2197 insuper
1630 2128 1879 2200 adjecstus,

220 2209 259 2255 E
277 2209 333 2252 T.
376 2207 414 2253 C
431 2207 473 2252 K
490 2208 552 2252 H.
580 2202 760 2249 Annus
787 2214 814 2247 c
831 2214 857 2247 c
876 2215 909 2248 x
925 2213 1004 2249 xx
1022 2216 1049 2248 v
1072 2219 1088 2250 1
1105 2220 1124 2251 1
1141 2218 1177 2251 1.
1204 2200 1299 2268 qui
1330 2197 1482 2252 Urbis
1517 2206 1706 2257 Romae
1742 2204 1843 2257 fuit
1861 2251 1878 2274 ,

220 2291 286 2327 ex
305 2270 563 2345 superiore
581 2285 838 2344 computo
852 2316 866 2338 ,
899 2293 935 2327 D
956 2294 989 2330 c
1007 2291 1040 2326 C
1059 2292 1091 2326 C
1112 2292 1144 2327 C
1164 2291 1195 2326 L
1214 2292 1252 2327 x
1272 2292 1308 2326 Χ
1324 2292 1357 2328 v
1376 2295 1395 2327 1
1411 2296 1446 2330 1.
1479 2276 1764 2331 Alexandri
1794 2284 1877 2334 Se.

222 2349 363 2412 veri,
394 2347 536 2419 cujus
565 2344 652 2398 hic
683 2364 927 2398 nummus
963 2346 1068 2414 est,
1100 2363 1330 2420 quartuS.
1363 2349 1463 2402 Sed
1490 2348 1605 2402 sunt
1629 2369 1880 2426 praeterea

221 2437 362 2476 notae
394 2438 649 2474 annorum
681 2422 894 2496 adje&ae
921 2425 973 2474 in
991 2440 1055 2474 eo
1078 2441 1296 2475 nummo
1324 2425 1375 2474 in
1397 2442 1506 2496 quo
1534 2423 1702 2480 sumus
1722 2475 1736 2496 ,
1759 2443 1872 2489 ET.

223 2510 400 2558 CKH.
443 2496 530 2557 ἔπι
568 2498 661 2556 σκῆ.
698 2515 824 2551 anno
848 2515 875 2549 c
895 2515 924 2550 c
942 2517 1018 2550 xx
1035 2517 1098 2551 vl
1119 2519 1192 2552 11.
1224 2500 1312 2571 qui
1336 2517 1477 2552 anno
1501 2500 1653 2556 Urbis
1689 2508 1877 2560 Romae

222 2595 260 2632 D
280 2595 313 2630 C
330 2594 362 2629 C
381 2593 414 2628 c
436 2593 470 2628 C
489 2595 520 2629 L
540 2593 578 2628 Χ
594 2592 632 2628 Χ
649 2593 683 2627 v
703 2595 742 2630 1.
768 2572 921 2645 plane
937 2573 1219 2646 respondet
1237 2618 1251 2641 ,
1270 2573 1556 2629 Alexandri
1579 2580 1751 2632 Severi
1771 2580 1881 2635 fere

221 2651 397 2704 tertio,
442 2650 633 2720 Ingens
672 2648 946 2700 aedificium
984 2648 1070 2700 hic
1112 2651 1304 2721 pariter
1345 2668 1587 2702 nummus
1628 2654 1875 2724 exhibet,

159 2753 166 2760 «
223 2723 610 2795 Aquilamque,
641 2727 693 2776 &
719 2721 851 2778 Solis
869 2720 1055 2775 habitu
1085 2724 1466 2797 Imperatorem
1484 2770 1499 2794 ‚
1518 2729 1722 2781 vectum
1747 2748 1876 2803 qua-

226 2802 301 2852 dri
343 2801 398 2853 is,

145 2868 256 2948 Pag
298 2816 371 2944 ᾗ.
397 2880 448 2926 in
471 2887 514 2931 A
535 2888 589 2933 M
610 2886 817 2934 ICOT.
843 2894 890 2929 v,
917 2895 983 2947 25.
1011 2873 1195 2930 Adde.-
1221 2877 1350 2929 Sunt
1373 2880 1426 2929 &
1454 2877 1538 2929 alii
1567 2876 1660 2930 sub
1687 2881 1875 2935 eodem

221 2953 468 3023 Principe
497 2951 600 3002 cufi
621 2955 853 3018 nummi,
875 2962 1161 3009 ΑΜΙΕΟΥ.
1195 2961 1600 3010 ΕΛΕΥΘΕΡΑΕ.
1641 2967 1878 3015 ETOTC.

219 3040 258 3084 P
282 3040 325 3087 Ξ
345 3038 409 3084 Δ.
441 3032 594 3080 Anno
630 3048 662 3082 C
682 3047 712 3082 L
730 3046 795 3081 X1
813 3048 866 3082 V.
903 3045 1020 3079 cum
1041 3028 1371 3100 Capricorno
1391 3034 1443 3081 ὃς
1474 3031 1657 3099 Cornu
1677 3037 1875 3105 copiae:

171 3151 174 3154 ,
218 3101 373 3158 Alter
396 3145 410 3170 ,
461 3115 742 3163 ETOYC.
781 3117 939 3179 ΡΕςή.
987 3108 1140 3160 Anno
1169 3121 1408 3161 Cvar.
1457 3107 1877 3235 cuziflssffercurii
