2228 3428
264 175 368 247 256
709 167 1651 249 NUMMIANTIQUI

417 244 587 311 ro'mm
602 241 742 301 ’πόλις
764 244 980 316 Kv'weyv
996 249 1289 324 Stephano:
1310 251 1448 304 unde
1468 255 1519 304 ἃ
1537 255 1789 324 Ἀφϋῇἠ
1800 255 1999 323 Γὸλγῖφ

272 331 446 378 KOM
465 332 501 373 A
522 330 694 376 ΝΩΝ
756 320 971 393 Ρίβαῖίιε.

347 406 370 449 I
389 406 424 450 E
443 407 538 451 ΡΟ
556 406 597 451 Κ
617 408 656 449 Α
673 406 695 449 I
715 406 754 452 C
773 409 813 451 A
830 409 880 452 Ρ.
925 409 967 456 Κ
984 412 1028 455 O
1046 410 1099 454 M
1116 412 1157 454 A
1175 409 1220 453 N
1241 409 1289 456 Ω
1309 411 1370 456 Ν.
1405 402 1574 454 Severi
1601 419 1838 454 nummus
1857 421 1883 455 e
1909 407 1997 458 Ci-

422 468 580 520 melio
606 473 806 542 Regio:
839 490 994 544 quem
1031 474 1348 526 Comanenii
1382 477 1433 524 in
1470 475 1653 529 Pisidia
1694 477 1893 550 oppido
1924 482 2000 532 id-

423 545 568 594 circo
597 542 935 598 adscribimus
965 552 1137 621 potius
1162 594 1176 615 ,
1218 567 1370 620 quam
1405 551 1784 622 Cappadocico
1804 596 1816 617 ,
1855 556 1998 606 Pon-

422 619 634 687 ticove,
663 620 811 692 quod
841 624 1053 674 vicinius
1082 623 1209 676 illud
1240 623 1407 674 multo
1440 625 1499 676 fit
1532 627 2003 695 Hierocaesarienfi,

425 696 637 765 quicum
669 697 851 747 initum
875 695 1072 763 foedus,
1097 698 1197 750 five
1217 698 1397 768 ἅμόνοιοι
1424 699 1528 751 hoc
1561 719 1776 752 nummo
1806 700 1998 772 fignifi-

425 784 588 822 catur.
645 769 730 822 Est
760 774 896 822 enim
937 775 985 822 in
1024 775 1190 845 Lydia
1235 773 1665 828 Hierocaesareae
1704 778 1751 825 in
1783 777 2005 843 Fistelia,

426 861 526 915 qua
554 844 912 917 Pamphyliam
944 846 1053 899 haec
1080 851 1294 922 attirgit
1322 893 1334 915 ,
1374 850 1611 901 Comana
1630 893 1643 915 ‚
1670 850 1798 901 teste
1825 851 2003 903 Ptoie-

425 936 592 985 maeO,
625 916 712 973 lib.
746 940 791 973 v.
825 938 936 994 cap.
966 941 1013 975 v,
1055 924 1118 975 Et
1147 941 1195 973 in
1219 926 1431 978 Notitia
1455 924 1649 977 Eccles.
1678 926 1831 978 Prov.
1855 927 2002 978 Pam-

424 991 617 1066 phyliae
636 1037 650 1060 ,
682 1011 798 1068 pag.
820 1015 885 1063 31.
918 997 1121 1065 Κέμανει
1148 998 1399 1051 censetur.
1427 998 1646 1051 Additas
1675 1017 1836 1072 porro
1866 1003 1917 1051 in
1936 1018 2001 1052 eo

426 1086 646 1120 nummo
693 1068 784 1120 has
829 1086 981 1122 notas
1019 1076 1269 1138 vidimuS,
1303 1085 1411 1131 ET.
1458 1085 1623 1131 BOP.
1670 1073 1865 1145 quibus
1905 1093 1999 1125 an..

425 1159 521 1193 nus
552 1141 781 1214 signatur
803 1145 930 1213 gyss',
960 1147 1060 1200 hoc
1094 1148 1194 1214 est,
1221 1168 1300 1203 CL
1324 1169 1360 1204 x
1379 1168 1416 1203 x
1435 1171 1504 1202 11.
1537 1165 1761 1220 nempe,
1792 1163 1851 1199 ut
1879 1151 1994 1220 qui-

412 1217 544 1288 *dem
573 1219 880 1271 arbitramur
903 1264 915 1286 ,
950 1221 1065 1293 post
1088 1222 1375 1274 restitutam
1410 1223 1849 1277 Hierocaesaream
1874 1267 1887 1289 ,
1918 1239 2002 1274 ce-

423 1290 735 1362 lebrataque
774 1296 879 1366 ejus
932 1298 1114 1369 oppidi
1164 1301 1394 1350 eucaenia
1429 1341 1443 1364 ,
1494 1297 1838 1369 quadriennio
1887 1298 2003 1371 post

426 1385 584 1439 quam
618 1367 821 1420 Tiberii
853 1370 1126 1444 largitione
1161 1371 1425 1426 sublevata
1467 1374 1573 1440 est,
1605 1388 1662 1424 ut
1694 1373 1913 1426 diximus
1948 1376 2002 1423 in

425 1459 647 1493 nummo
719 1444 1337 1503 CIVITATIBVS.
1417 1452 1461 1501 A
1497 1450 1527 1501 S
1564 1451 1581 1501 l
1619 1451 1731 1502 ΑΕ.
1808 1450 1915 1504 RE
1943 1450 2002 1501 S-

425 1520 514 1572 TI
536 1520 587 1570 T
619 1521 665 1571 V
693 1519 741 1570 T
776 1522 798 1572 I
830 1522 876 1573 S.
943 1525 1027 1576 Sic
1060 1525 1197 1574 enim
1239 1523 1304 1575 ab
1335 1541 1476 1574 anno
1525 1543 1841 1578 cccxxx.
1891 1541 2000 1594 quo

432 1592 928 1667 Constantinopolis
967 1599 1132 1651 Nova
1182 1601 1357 1652 Roma
1400 1598 1566 1648 dicata
1609 1616 1634 1649 a
1675 1598 2002 1653 „Constantio

429 1668 564 1740 Imp.
586 1666 686 1720 fuit
706 1712 720 1736 ‚
745 1686 1047 1722 numeratos
1077 1671 1229 1727 Urbis
1259 1673 1366 1744 ejus
1392 1690 1582 1737 annOS,
1603 1675 1739 1724 rec‘oe
1766 1673 2001 1744 Sponda-

429 1760 525 1793 nus
573 1744 977 1811 animadvertit,
1011 1747 1076 1798 ad
1112 1766 1305 1799 annum
1347 1765 1604 1801 Mcciv.
1665 1748 1852 1817 Itaque
1889 1745 2004 1798 haec

429 1819 970 1871 Hierocaeiarieiifium
1018 1839 1116 1872 aera
1156 1824 1322 1894 coepit
1363 1840 1503 1872 anno
1538 1819 1737 1874 Tiberii
1781 1823 1999 1888 oaavo,

425 1891 579 1946 Urbis
617 1913 949 1949 nchxxiii.
989 1913 1017 1945 a
1053 1915 1159 1968 quo
1185 1897 1220 1948 fi
1258 1910 1596 1948 numerentur
1625 1898 1746 1947 anni
1780 1915 2003 1951 chxn.

428 1984 671 2020 occurret
701 1986 866 2019 annus
891 1971 1064 2022 Severi
1097 1973 1289 2043 primus
1318 2016 1333 2037 ,
1355 1971 1511 2026 Urbis
1542 1991 1579 2026 D
1598 1992 1629 2027 c
1650 1991 1681 2025 c
1700 1991 1731 2026 c
1755 1991 1787 2028 c
1805 1991 1841 2025 x
1859 1991 1889 2026 Ι.
1907 1991 1958 2025 V.

272 2053 320 2104 K
339 2054 456 2104 OM
475 2056 530 2101 M
551 2054 712 2102 ΑΓΗ
735 2056 779 2100 N
800 2055 851 2102 Ω
872 2058 932 2101 Ν.
962 2048 1238 2101 Nummus
1266 2046 1340 2099 est
1370 2065 1397 2099 e
1426 2045 1610 2100 Museo
1637 2046 1846 2114 nostr0‚
1882 2063 2003 2098 cum

429 2121 739 2191 icorpione‚
777 2123 826 2170 in
867 2120 1034 2172 laurea
1077 2147 1087 2176 :
1139 2126 1188 2173 iu
1225 2137 1368 2195 parte
1396 2123 1554 2173 altera
1581 2120 1768 2193 legitur
1799 2165 1833 2188 ,,
1864 2135 2005 2178 AN-

429 2205 767 2259 ΤΙΟΧΟΣ.
808 2207 1103 2260 ΜΕΓΑΣ.
1141 2204 1592 2258 ΒΑΣΙΛΕΥΣ.
1636 2199 1754 2249 Fuit
1785 2196 1870 2247 hie
1894 2199 2003 2249 An·

427 2272 636 2322 tiochus
666 2276 1150 2344 Commagenorum
1180 2274 1384 2345 regulus
1403 2318 1416 2340 ,
1439 2275 1530 2345 qui
1556 2270 1711 2323 filiam
1734 2268 2004 2322 connubio

418 2343 597 2416 junxit
627 2363 746 2398 cum
775 2344 1080 2397 Alexandro
1097 2345 1204 2399 filio
1232 2350 1471 2421 Tigranis
1489 2390 1502 2412 ‚
1529 2347 1637 2418 ejus
1660 2362 1817 2416 quem
1848 2347 2003 2399 Nero

359 2448 364 2452 ·
426 2420 662 2494 praefecit
696 2422 973 2494 Armeniae.
1016 2423 1210 2475 Plinius
1257 2422 1322 2473 de
1362 2424 1754 2494 Commagene,
1787 2417 1921 2471 libro
1955 2439 2002 2474 v.

426 2496 543 2548 sedit.
576 2514 669 2548 xx.

350 2578 852 2633 ΒΑΣΙΛΙΣΣΑ.
895 2582 1250 2632 IOTAHH.
1298 2571 2005 2635 &IAAAEAQOYZAn-

427 2647 593 2698 tiochi
619 2645 892 2720 supradiffl
918 2645 1037 2702 filia.
1069 2653 1338 2704 Nummus
1370 2653 1614 2720 antiquus
1643 2646 1782 2719 apud
1817 2647 2004 2718 Segni-

425 2739 550 2773 num
568 2766 581 2787 ‚
607 2739 723 2796 pag.
753 2742 830 2795 59.
866 2722 1008 2795 cujus
1036 2741 1098 2778 ex
1130 2721 1304 2777 aversa
1336 2740 1483 2799 parte
1503 2770 1517 2794 ,
1541 2736 1583 2780 K
1601 2736 1646 2781 O
1667 2734 1721 2779 M
1739 2732 1797 2778 M·
1813 2731 1909 2777 ΑΓ
1925 2732 2001 2776 Η-

425 2811 474 2855 N
493 2809 544 2855 Ω
560 2810 621 2854 Ν.

347 2886 451 2937 ΚΟ
468 2885 595 2930 ΜΜ
616 2882 774 2930 ΑΓΗ
790 2886 836 2931 Ν
855 2885 905 2932 Ω
923 2888 984 2932 N.
1015 2876 1237 2928 Ancorae
1264 2873 1475 2949 effigies,
1518 2876 1592 2928 Ex
1624 2886 1769 2947 parte
1799 2871 1972 2924 aversa
1988 2915 2004 2938 ‚

420 2960 469 3005 Π
488 2960 733 3007 ICTIC.
778 2950 942 3005 Fides.
989 2952 1178 3018 Jund‘tae
1209 2967 1391 3001 manus
1421 2967 1536 3000 cum
1567 2949 1817 3003 caduceo,

269 3035 443 3086 KOI'I
462 3037 516 3100 T:
555 3039 607 3083 L.
649 3035 673 3082 I
692 3037 751 3083 A.
786 3020 1004 3085 Κοφῆιπῖν
1025 3069 1038 3097 ,
1059 3024 1348 3092 λυχςίὲαετος
1376 3025 1444 3082 ια’.
1467 3023 1725 3079 Hadriani
1748 3023 2003 3093 Principis

1862 3111 2007 3147 anno
