2228 3428
262 225 377 288 -166
782 215 1117 274 NUMMI
1172 215 1592 294 ANTIQUI

427 294 604 367 figurae
634 291 853 361 stantes,
879 303 1269 354 ΕΦΕΕῙΩΝ.
1313 301 2001 356 ΙΕΡΑΠΟΛΕῙΤΩΝ.

425 383 473 428 Ο
488 381 545 426 Μ
563 382 610 427 O
628 381 674 426 N
689 382 735 428 O
752 381 772 425 I
792 380 852 425 A.
913 368 1219 443 Ephesiorum
1249 366 1311 432 &-
1339 375 1418 424 H
1415 370 1788 438 ierapolz'tarum
1818 391 2000 425 concor..

425 443 532 499 dia.
571 444 951 518 SpanhemiUS,
980 443 1070 498 lib.
1091 444 1157 497 de
1186 439 1275 498 usu
1308 444 1545 501 numism,
1577 462 1697 519 pag.
1736 468 1815 519 74
1828 470 1872 521 5.
1910 447 2003 521 qui

427 517 608 573 vidisse
629 520 680 575 se
706 521 780 572 ait
810 520 862 570 in
895 520 1125 573 Cimelio
1148 523 1366 593 Reginae
1403 521 1695 575 Christinae.

350 604 522 654 ZETC
529 637 632 652 ......
646 605 937 655 HCIOC.
972 608 1366 657 EspECIQN.
1407 607 1717 655 HPSQTOC.
1759 605 1988 655 ACIAC.

427 668 778 744 Subintellige
802 670 944 737 dw'v.
976 675 1147 725 Severi
1173 690 1417 724 nummus
1454 677 1505 724 in
1539 692 1645 745 quo
1663 672 1907 745 Juppiter
1931 670 2003 722 se-

426 743 554 797 dens
583 746 772 799 Dianae
805 746 1038 818 Ephefiae
1070 745 1393 799 simulacrum
1417 750 1566 821 gerit.
1596 749 1786 813 Forte,
1815 754 2002 803 ZEYC.

427 831 451 877 1
470 832 514 878 K
529 832 563 878 E
583 832 624 875 T
640 832 690 877 H
706 833 747 878 C
762 835 784 877 1
805 835 851 879 Ο
872 834 928 881 C.
955 827 1187 890 Iuppiter
1208 820 1489 876 Exorabtlis
1508 863 1526 887 ,
1548 818 1862 898 Epheſsorum.
1879 826 2003 875 Pri-

424 913 554 947 mum
586 896 722 968 Astae
743 911 1021 949 certamen.
1048 895 1208 967 Apud
1244 899 1518 970 Sponium.

349 981 589 1031 ΕΦΕΟΙ
612 983 662 1029 Ω
682 984 741 1028 N.
777 983 827 1026 B.
863 983 957 1029 NE
980 981 1271 1030 ΩΚΟΡΩ
1292 984 1355 1030 Ν.
1389 973 1539 1046 Lupa
1569 976 1797 1028 Remum
1817 975 2004 1030 &Ro-

429 1044 627 1099 mulum
662 1047 833 1100 latstat.
875 1048 915 1101 E
945 1049 1139 1100 Museo
1162 1046 1360 1102 nostro,
1405 1050 1694 1102 Neocoros
1732 1045 1781 1100 se
1818 1051 2002 1101 iterum

426 1117 584 1175 Urbis
621 1125 808 1176 Romae
848 1138 910 1172 ac
946 1124 1121 1175 Severi
1150 1122 1369 1192 Augusti
1391 1140 1607 1174 nummo
1651 1140 1716 1176 eo
1748 1122 2004 1177 testantur

430 1193 656 1268 Ephesii.
686 1209 1074 1256 CETHPOC
1128 1209 1393 1256 HEIOC
1413 1239 1570 1253 ......

349 1282 583 1332 ΕΦΕΕΙ
605 1283 729 1330 ΩΝ.
768 1284 1220 1332 KATCTPOC.
1267 1274 1996 1331 KENXPIOC.Nummus

425 1349 632 1415 Severi,
663 1351 713 1399 in
734 1368 843 1421 quo
864 1348 1010 1402 fluvii
1028 1353 1137 1402 duo
1155 1395 1169 1418 ‚
1195 1367 1300 1421 qua
1327 1350 1470 1422 pingi
1492 1344 1664 1400 forma
1692 1346 1879 1402 solent.
1905 1350 1999 1402 De

421 1422 601 1495 priore
631 1420 860 1492 Plinius,
895 1422 1001 1480 loc,
1054 1427 1141 1478 cit.
1186 1421 1438 1498 Eph⁶st½>
1469 1468 1480 1480 .
1502 1464 1539 1477 ..
1559 1466 1569 1478 .
1610 1422 1817 1474 affuitur
1854 1440 2001 1478 amne

425 1498 619 1571 Caystro
639 1537 653 1560 ,
685 1505 787 1555 &a
814 1503 905 1556 De
933 1498 1219 1574 posteriore
1242 1495 1515 1553 Pausanias
1537 1499 1589 1549 in
1631 1497 1906 1563 AchaiciS,
1944 1503 2000 1552 ὃς

421 1570 643 1624 Tacitus
663 1616 678 1640 ‚
699 1571 787 1625 lib.
827 1595 843 1629 1
871 1595 888 1628 1
917 1595 960 1628 1.
991 1573 1183 1628 Annal.
1204 1574 1346 1646 cujus
1370 1569 1529 1624 verba
1548 1590 1672 1623 mox
1687 1568 1986 1628 afferemus,

344 1654 742 1709 EthCIssN.
783 1661 984 1709 TPIC.
1033 1658 1521 1709 NEQKOPQN.
1564 1659 1608 1703 Κ
1635 1657 1740 1702 ΑΙ.
1795 1657 1908 1703 ΤΗ
1933 1661 1996 1707 C.

424 1737 469 1779 A
489 1736 524 1779 P
538 1736 577 1780 T
591 1738 629 1782 E
646 1738 700 1783 M
718 1737 741 1782 I
758 1737 806 1782 Δ
822 1739 869 1785 O
890 1739 948 1785 C.
983 1724 1285 1800 Ephefiorum
1306 1725 1393 1797 qui
1415 1739 1487 1775 ter
1514 1719 1774 1775 Caesarum
1804 1727 1999 1775 Neoco„

422 1805 467 1849 ri
482 1824 498 1852 .·
524 1802 680 1852 iidem
707 1806 899 1855 Dianae
935 1802 1190 1874 perpetui.
1229 1803 1394 1854 Fuere
1422 1800 1556 1849 enim
1578 1841 1592 1864 ‚
1618 1811 1674 1848 ut
1700 1810 1853 1849 antea
1881 1816 1998 1849 mo..

422 1878 629 1926 nuimus
661 1878 903 1930 Neocori
933 1879 1178 1932 Deorum
1207 1919 1222 1942 ,
1269 1873 1416 1926 fuere
1459 1878 1513 1926 δε
1547 1874 1789 1927 Neocori
1825 1871 1996 1926 Caesa-

420 1965 551 2002 rum.
581 1951 740 2023 Apud
765 1953 1053 2007 Gruterum
1069 1994 1084 2017 ,
1116 1968 1234 2024 pag.
1261 1967 1290 2001 c
1308 1967 1336 2000 c
1351 1967 1379 2000 c
1396 1966 1424 2000 c
1439 1967 1470 2000 x
1490 1969 1506 2001 1
1527 1970 1542 2000 1
1561 1969 1576 2000 1
1599 1955 1644 2000 1.'
1665 1947 1890 2015 Νεωκόως
1919 1948 2003 2008 τοιῖ

417 2022 626 2092 μεγάλου
659 2027 971 2099 Σωροίπτὲος.
1016 2028 1086 2080 Et
1123 2044 1240 2099 pag.
1271 2044 1482 2080 MXXI.
1516 2028 1602 2081 Δὶς
1646 2023 1869 2090 Νεωκᾶϋς
1901 2026 2000 2088 ἦ]

417 2098 661 2165 Σεζοις-ἱῦν.
697 2105 966 2156 Nummus
995 2104 1151 2156 Getae
1185 2107 1236 2153 ὃς
1263 2098 1547 2154 Caracallae
1571 2117 1598 2151 e
1622 2101 1772 2153 Gaza
1798 2103 1964 2173 Regia
1982 2144 1998 2168 ‚

417 2193 525 2245 quo
548 2178 598 2227 in
622 2194 836 2229 nummo
858 2179 891 2229 ii
921 2190 965 2235 N
981 2188 1115 2235 EOI
1156 2187 1266 2236 HA
1282 2188 1303 2232 I
1322 2189 1368 2233 O
1386 2186 1408 2230 I
1435 2175 1788 2250 appellantun
1815 2177 1905 2230 De
1930 2193 1996 2228 eo

417 2249 649 2301 dicemus
670 2254 897 2306 inserius.

337 2334 586 2382 EthCI
611 2335 741 2381 QN.
771 2335 1100 2381 MONQN.
1160 2332 1540 2379 AHACQN.
1597 2334 1979 2381 TETPAKI.

418 2410 515 2456 NE
535 2411 708 2457 ΩΚΟ
726 2413 760 2455 Ρ
782 2411 831 2456 Ω
851 2413 912 2456 Ν.
945 2396 1261 2470 Ephesiorum,
1284 2408 1368 2468 qut
1385 2397 1472 2469 solz
1507 2415 1569 2448 ex
1592 2400 1837 2451 omnibus
1860 2399 1994 2452 Afiae

418 2474 717 2526 civitatibus
746 2490 931 2544 quater
960 2479 1178 2527 Neocori
1205 2471 1350 2523 fuere
1382 2516 1396 2538 ,
1434 2471 1526 2523 sub
1561 2473 1836 2526 Caracalla
1861 2472 1994 2526 scili-

418 2563 506 2600 cet
535 2593 548 2615 ,
584 2549 727 2618 cujus
759 2550 844 2603 hic
874 2565 1116 2601 nummus
1149 2546 1222 2599 est
1260 2564 1289 2598 e
1339 2546 1568 2599 Cimelio
1606 2550 1815 2620 Regio:
1849 2552 1993 2602 Ante

421 2622 746 2675 Caracallam
781 2622 909 2676 nulli
934 2626 1136 2675 civitati
1163 2626 1213 2674 in
1242 2621 1361 2675 Afia
1387 2623 1596 2696 propria
1622 2624 1661 2673 is
1691 2624 1862 2676 honos
1892 2622 1991 2674 ob-

414 2699 628 2771 tigerat:
664 2696 770 2751 Sub
800 2696 1070 2750 Caracalla
1092 2740 1106 2764 ,
1139 2699 1190 2748 in
1215 2695 1462 2769 Bithynia
1483 2698 1636 2747 etiam
1669 2697 1864 2750 deinde
1891 2699 1993 2752 Ni·-

412 2771 692 2825 caeenfibus
727 2773 903 2825 datus:
929 2773 1035 2825 Sub
1067 2770 1405 2839 Commodo,
1432 2774 1523 2844 qui
1554 2771 1881 2828 Caracallam
1903 2790 1989 2825 an,

413 2848 639 2913 teceffit,
669 2849 720 2898 in
747 2849 886 2920 Syria
920 2847 1288 2918 Hierapolim.

333 2933 728 2985 ΕΦΕΕῙΩΝ.
765 2932 1290 2981 ΟΑΡΔΙΑΝΩΝ.
1333 2935 1454 2980 ΟΜ
1478 2935 1765 2981 ΟΝΟΙΑ.
1815 2922 1978 2974 Cara-

404 2999 550 3051 callae
579 3043 593 3065 ‚
624 3001 675 3049 in
719 2996 946 3051 Cimelio
974 3001 1161 3068 Regio,
1206 2998 1292 3050 Est
1321 3004 1375 3051 &
1403 2998 1535 3050 alter
1564 3001 1644 3052 M.
1678 2997 1902 3061 Aurelii,
1930 2998 1985 3048 in

408 3088 515 3144 quo
536 3072 711 3148 figurae
739 3073 853 3126 duae
880 3069 1084 3123 dextras
1103 3070 1356 3145 jungunt.
1396 3072 1486 3129 Est
1520 3079 1574 3126 &
1608 3071 1834 3143 ejusdem
1867 3070 1961 3124 Ci-
