2228 3428
351 198 425 263 36
835 185 1167 250 NUMMI
1224 187 1636 272 ANTIQUI

493 271 548 327 ‘to‘
566 267 713 326 ἐθνικόν
734 311 748 335 ,
775 269 1104 343 Ἀμοιςφιοινός.
1135 273 1321 327 Hodie
1341 277 1605 343 Lemastm.
1625 278 1686 330 In
1706 292 1922 333 nummo
1945 282 2058 334 An-

496 347 664 397 tonini
692 345 979 417 NePtunus
1005 365 1172 420 prorae
1197 353 1337 402 navis
1366 349 1562 405 insistit.

418 432 463 476 A
479 431 535 476 M
550 431 572 475 Ι
591 432 629 478 C
644 435 691 478 O
706 434 764 479 C.
824 433 935 479 AM
952 438 994 479 A
1013 437 1052 482 C
1069 435 1111 478 T
1127 438 1162 480 P
1178 436 1201 479 I
1218 436 1275 482 C.
1340 429 1607 481 Nummus
1659 429 1915 482 Antonini
1952 431 2058 496 Pii,

490 494 633 570 apud
664 500 909 552 Patinum
930 544 944 568 ,
976 516 1093 572 pag.
1139 523 1164 553 2
1184 521 1276 572 27.
1310 519 1449 553 nunc
1479 502 1689 555 Cimelii
1724 506 1880 575 Regii
1906 530 1917 558 ε
1947 523 2056 578 quo

487 588 705 623 nummo
729 572 946 624 duarum
967 575 1240 626 civitatum
1267 575 1554 628 concordia
1582 576 1912 649 fignificatur.

413 659 460 704 A
474 659 530 704 M
548 660 589 703 A
607 657 647 703 C
662 659 703 701 T
718 661 752 702 P
771 659 791 702 Ι
808 662 851 703 Α
871 663 917 705 N
936 660 986 705 Ω
1003 661 1064 704 Ν.
1084 650 1164 703 Μ.
1182 648 1412 717 Aurelii,
1433 651 1573 726 apud
1588 653 1909 718 Tristanum,
1927 667 2057 711 tom.

488 745 526 777 1.
554 739 669 796 pag.
698 728 813 778 688.
842 742 960 774 cum
988 724 1178 776 Martis
1211 726 1401 797 effigie.

411 810 502 856 ΥΓ
518 812 555 857 E
570 810 592 852 Ι
608 811 665 853 A.
728 811 770 853 A
786 812 843 856 M
860 813 901 854 A
917 810 956 857 C
973 810 1013 853 T
1033 812 1069 854 P
1087 811 1110 854 Ι
1125 814 1167 856 Α
1183 815 1229 858 N
1245 813 1294 858 Ω
1312 814 1371 857 Ν.
1430 800 1583 855 Salus
1615 804 2057 871 Amastrianorum.

492 875 677 946 Hygia
697 871 801 926 filia
827 873 1116 946 AEsculapii
1140 874 1253 929 fuit.
1297 876 1549 930 Faustinae
1572 876 1788 949 junioris
1816 896 2058 931 nummus

483 948 570 1000 hic
594 946 670 999 est
688 993 701 1016 ,
733 965 762 1000 e
794 949 1020 1004 Cimelio
1042 953 1232 1026 RegiO.

408 1040 453 1082 A
469 1036 527 1081 M
542 1039 584 1080 A
600 1038 640 1084 C
654 1038 695 1080 T
712 1040 746 1083 P
765 1039 786 1082 Ι
804 1039 844 1081 Α
860 1040 905 1082 N
923 1037 973 1083 Ω
992 1039 1053 1082 N.
1077 1029 1206 1079 Veri
1226 1027 1438 1081 Caesaris
1453 1071 1467 1095 ‚
1502 1026 1580 1079 M.
1609 1027 1807 1080 Aurelii
1834 1030 1887 1082 F.
1905 1046 2055 1080 num„

485 1119 628 1167 nius,
655 1103 797 1174 apud
819 1100 1146 1168 Tristanum,
1173 1120 1290 1176 pag.
1321 1109 1426 1158 681.
1464 1105 1516 1153 in
1545 1120 1654 1173 quo
1681 1105 1842 1176 tripus
1864 1097 2055 1157 AEscu-

482 1173 632 1248 lapii,
657 1174 741 1230 vel
776 1177 971 1249 Hygiae
998 1219 1013 1242 ,
1048 1176 1334 1250 insculptus
1365 1222 1380 1246 ,
1413 1193 1572 1250 quem
1601 1175 1805 1251 serpens
1834 1179 2055 1229 circum-

483 1251 690 1323 plicat?

408 1323 457 1375 C
476 1328 528 1379 O
546 1327 605 1378 L.
645 1326 691 1377 A
711 1326 773 1379 M
809 1327 859 1381 S.
898 1326 962 1380 M
985 1327 1023 1379 E
1039 1328 1142 1380 TP
1167 1328 1222 1381 O
1243 1370 1253 1380 .
1272 1370 1282 1382 .
1300 1370 1310 1381 .
1336 1371 1347 1383 .
1371 1327 1635 1381 Valeriani
1655 1343 1894 1380 nummus
1914 1328 2054 1399 apud

482 1403 706 1467 EriZZO,
736 1418 852 1474 pag.
885 1406 1019 1472 558.
1053 1403 1105 1451 in
1126 1420 1235 1472 quo
1264 1406 1455 1475 pariter
1484 1402 1814 1475 AEsculapius
1845 1405 1898 1452 δε
1933 1405 2054 1474 Hy-

482 1477 585 1548 gia.
618 1479 750 1551 Qo
773 1473 833 1526 fit
854 1489 909 1525 ut
947 1474 1172 1527 fidenter
1204 1476 1488 1548 legendum
1524 1494 1767 1547 moneam
1790 1519 1804 1542 ,
1846 1477 1893 1529 C
1920 1479 1972 1530 O
1993 1479 2054 1530 L.

483 1550 750 1603 AMAS.
794 1551 1332 1605 METROPOL.

402 1631 448 1682 A
464 1638 518 1682 Μ
537 1639 579 1681 Α
593 1636 633 1683 C
649 1637 691 1680 T
709 1640 742 1681 P
756 1639 777 1682 I
795 1639 835 1681 A
854 1639 898 1681 N
916 1637 966 1683 Ω
988 1637 1048 1682 Ν.
1078 1627 1119 1678 E
1148 1625 1378 1679 Cimelio
1414 1628 1604 1699 Regio,
1627 1628 1690 1678 In
1722 1639 1873 1698 parte
1903 1642 2053 1678 aver-

479 1701 555 1767 sa,
587 1710 624 1754 Z
640 1713 732 1759 ΕΥ
752 1711 813 1762 Σ.
858 1709 902 1760 Σ
917 1714 958 1757 Τ
975 1716 1011 1758 Ρ
1028 1716 1071 1757 A
1089 1712 1130 1755 T
1146 1710 1195 1757 H
1210 1714 1248 1758 Γ
1266 1715 1312 1759 O
1329 1712 1389 1763 Σ.
1412 1709 1646 1773 Iuppiter
1664 1710 1951 1768 Imperator.
1968 1703 2055 1753 Sic

480 1779 618 1828 enim
656 1780 708 1828 in
751 1779 926 1830 Severi
956 1786 1181 1832 nummo
1218 1778 1443 1830 vidimus
1480 1823 1495 1847 ,
1548 1779 1757 1848 TOVI
1808 1777 2052 1837 IMPE-

478 1855 532 1907 R
550 1853 660 1905 AT
679 1855 732 1906 O
752 1855 803 1906 R
819 1854 858 1905 Ι.

403 1940 445 1982 A
461 1939 515 1984 M
534 1940 577 1983 A
595 1940 635 1985 C
654 1940 695 1983 T
713 1943 746 1984 P
766 1940 843 1984 IA
866 1944 913 1987 N
929 1942 978 1987 Ω
996 1945 1056 1987 Ν.
1097 1943 1143 1986 O
1163 1941 1216 1984 M
1234 1942 1331 1985 ΗΡ
1347 1942 1460 1987 OC.
1482 1930 1560 1983 M.
1582 1927 1778 1981 Aurelii
1793 1944 2050 1979 nummus

402 2015 582 2061 AMA
603 2015 789 2061 CTPI
810 2018 981 2063 ΑΝΩ
1003 2020 1065 2063 Ν.
1122 2015 1288 2062 ΜΕΛ
1310 2017 1433 2062 Hc.
1510 2004 1587 2057 Ex
1649 2016 1798 2076 parte
1858 2001 2051 2062 altera,

473 2092 523 2136 O
540 2090 595 2135 M
613 2092 661 2136 H
677 2093 771 2138 ΡΟ
785 2092 842 2138 C.
889 2083 1208 2134 Societatem
1243 2081 1692 2150 concordiamque
1722 2094 1844 2127 cum
1877 2079 2050 2148 Smyr-

474 2157 596 2207 naeis
623 2155 709 2207 hic
739 2171 961 2227 uterque
985 2172 1230 2207 nummus
1261 2152 1546 2226 fignificat:
1573 2151 1721 2224 quod
1761 2157 2052 2223 Smyrnaeo-

473 2244 588 2279 rum
618 2232 741 2282 civis
770 2232 1041 2283 Homerus
1060 2272 1074 2294 ,
1100 2229 1264 2280 amnis
1292 2227 1460 2281 Meles
1495 2227 1625 2280 fuit:
1659 2227 1896 2295 Uterque
1927 2227 2049 2277 Nu-

476 2306 628 2355 minis
662 2306 806 2365 vice,
833 2303 916 2355 seu
941 2301 1071 2358 Divi
1105 2296 1358 2374 Indigetis
1384 2345 1399 2368 ,
1434 2300 1643 2352 habitus
1673 2300 1739 2351 ab
1767 2299 2048 2352 Amastria-

476 2381 569 2433 nis,
600 2376 687 2432 Est
706 2379 795 2430 hic
823 2395 1062 2429 nummus
1099 2374 1312 2429 Cimelii
1336 2377 1507 2450 Regii.
1548 2375 1685 2431 Vide
1719 2393 1836 2447 quae
1864 2374 2049 2427 dieturi

476 2453 645 2507 sumus
664 2497 678 2519 ,
706 2452 868 2506 verbo
900 2464 998 2509 ΚΥ
1014 2465 1070 2510 Μ
1084 2466 1162 2509 ΑΙ
1185 2463 1235 2508 Ω
1252 2466 1313 2510 N-

404 2545 449 2590 A
470 2544 526 2589 M
548 2537 921 2592 ΑΣΤΡΙΔΟ
944 2537 990 2591 Σ
1027 2531 1221 2589 ΒΑΣΙ
1243 2538 1324 2584 ΑΙ
1346 2534 1591 2588 ΣΣΗΣ.
1614 2525 1913 2597 Amastridzzr
1939 2532 2043 2579 Re-

467 2614 612 2683 ginae.
652 2608 794 2660 Haec
829 2603 1120 2677 Oxynthrae
1155 2605 1305 2659 Darii
1335 2601 1508 2655 fratris
1544 2601 1647 2654 filia
1664 2647 1678 2670 ,
1707 2601 2046 2664 Amastrianis

470 2699 666 2735 nomen
690 2679 853 2736 dedit.
899 2683 987 2735 De
1021 2696 1086 2731 eo
1119 2697 1339 2732 nummo
1365 2677 1526 2731 multa
1552 2680 1846 2751 pererudite
1877 2681 2041 2748 Span-

468 2759 697 2825 hemum,
730 2755 816 2810 lib.
860 2756 925 2808 de
946 2752 1033 2807 usu
1060 2752 1293 2808 numism.
1337 2771 1456 2829 pag.
1485 2758 1601 2826 465.
1638 2755 1729 2807 De
1748 2750 2045 2809 Amastride

471 2831 664 2888 Strabo
684 2877 698 2898 ,
724 2827 812 2885 lib.
840 2850 905 2885 xi
927 2853 960 2885 1.
992 2836 1109 2904 pag.
1151 2851 1282 2903 544.

322 2923 365 2966 A
384 2924 439 2967 M
457 2921 490 2964 B
508 2925 550 2965 A
568 2909 611 2968 Σ
630 2920 708 2966 IT
727 2921 775 2966 Ω
793 2923 852 2966 N.
915 2919 1037 2963 MH
1055 2917 1274 2965 TPOH
1292 2919 1337 2964 o
1356 2914 1420 2962 A.
1483 2902 1693 2958 'Claudii
1747 2908 1985 2955 nummus
2011 2917 2040 2954 e

468 2983 736 3039 Thesauro
771 2984 974 3038 Goltzii
1002 3025 1014 3047 ‚
1060 3000 1176 3055 pag.
1227 3005 1252 3035 2
1268 2988 1351 3036 08.
1385 2979 1674 3052 Stephanus
1701 3004 1712 3032 ε
1747 2976 2006 3050 ”Auguror
2021 3019 2036 3043 ‚

469 3060 745 3128 μκῑξᾶπῡλις
771 3061 871 3124 W
891 3063 1086 3132 Φρυβῶν·
1118 3060 1142 3115 ὁ
1171 3063 1367 3118 ’πυλίτης
1390 3101 1405 3126 ,
1425 3052 1750 3126 Ἀμζοιο-ἷτης.
