<?xml version="1.0" encoding="UTF-8"?>
<!DOCTYPE html PUBLIC "-//W3C//DTD XHTML 1.0 Transitional//EN"
    "http://www.w3.org/TR/xhtml1/DTD/xhtml1-transitional.dtd">
<html xmlns="http://www.w3.org/1999/xhtml" xml:lang="en" lang="en">
 <head>
  <title>
</title>
<meta http-equiv="Content-Type" content="text/html;charset=utf-8" />
  <meta name='ocr-system' content='tesseract 3.04.00' />
  <meta name='ocr-capabilities' content='ocr_page ocr_carea ocr_par ocr_line ocrx_word'/>
</head>
<body>
  <div class='ocr_page' id='page_1' title='image "./joannisharduinis00hard_0033.png"; bbox 0 0 2228 3428; ppageno 0'>
   <div class='ocr_carea' id='block_1_1' title="bbox 206 208 1933 3187">
    <p class='ocr_par' dir='ltr' id='par_1_1' title="bbox 357 208 1932 879">
     <span class='ocr_line' id='line_1_1' title="bbox 707 208 1925 281; baseline -0.011 -14"><span class='ocrx_word' id='word_1_1' title='bbox 707 215 732 267; x_wconf 95' lang='lat' dir='ltr'>I</span> <span class='ocrx_word' id='word_1_2' title='bbox 765 214 810 266; x_wconf 90' lang='lat' dir='ltr'>L</span> <span class='ocrx_word' id='word_1_3' title='bbox 845 212 886 264; x_wconf 93' lang='lat' dir='ltr'>L</span> <span class='ocrx_word' id='word_1_4' title='bbox 915 209 960 264; x_wconf 88' lang='lat' dir='ltr'>U</span> <span class='ocrx_word' id='word_1_5' title='bbox 989 212 1018 264; x_wconf 89' lang='lat' dir='ltr'>S</span> <span class='ocrx_word' id='word_1_6' title='bbox 1049 211 1099 264; x_wconf 91' lang='lat' dir='ltr'><strong>T</strong></span> <span class='ocrx_word' id='word_1_7' title='bbox 1129 210 1178 262; x_wconf 88' lang='lat' dir='ltr'>R</span> <span class='ocrx_word' id='word_1_8' title='bbox 1211 209 1257 262; x_wconf 86' lang='lat' dir='ltr'><strong>A</strong></span> <span class='ocrx_word' id='word_1_9' title='bbox 1283 208 1333 260; x_wconf 92' lang='lat' dir='ltr'><strong>T</strong></span> <span class='ocrx_word' id='word_1_10' title='bbox 1366 208 1407 260; x_wconf 79' lang='lat' dir='ltr'>I.</span> <span class='ocrx_word' id='word_1_11' title='bbox 1902 231 1925 281; x_wconf 82' lang='lat'><em>5</em></span> 
     </span>
     <span class='ocr_line' id='line_1_2' title="bbox 362 278 1928 358; baseline -0.002 -21"><span class='ocrx_word' id='word_1_12' title='bbox 362 284 615 357; x_wconf 72' lang='lat' dir='ltr'>&#39;Glycone</span> <span class='ocrx_word' id='word_1_13' title='bbox 638 330 652 352; x_wconf 80' lang='lat'>,</span> <span class='ocrx_word' id='word_1_14' title='bbox 693 291 783 358; x_wconf 87' lang='lat' dir='ltr'>qui</span> <span class='ocrx_word' id='word_1_15' title='bbox 823 286 872 337; x_wconf 89' lang='lat' dir='ltr'>se</span> <span class='ocrx_word' id='word_1_16' title='bbox 911 287 1169 335; x_wconf 82' lang='lat' dir='ltr'>minorem</span> <span class='ocrx_word' id='word_1_17' title='bbox 1199 280 1558 353; x_wconf 72' lang='lat' dir='ltr'>AEsculapium</span> <span class='ocrx_word' id='word_1_18' title='bbox 1588 278 1891 352; x_wconf 75' lang='lat' dir='ltr'>appellabat</span> <span class='ocrx_word' id='word_1_19' title='bbox 1913 327 1928 350; x_wconf 88' lang='lat'>‚</span> 
     </span>
     <span class='ocr_line' id='line_1_3' title="bbox 362 353 1931 427; baseline -0.004 -19"><span class='ocrx_word' id='word_1_20' title='bbox 362 360 529 412; x_wconf 74' lang='lat' dir='ltr'>multa</span> <span class='ocrx_word' id='word_1_21' title='bbox 558 363 810 414; x_wconf 80' lang='lat' dir='ltr'>Lucianus</span> <span class='ocrx_word' id='word_1_22' title='bbox 841 360 892 408; x_wconf 87' lang='lat' dir='ltr'>in</span> <span class='ocrx_word' id='word_1_23' title='bbox 923 357 1325 421; x_wconf 74' lang='lat' dir='ltr'>Pseudomanti‚</span> <span class='ocrx_word' id='word_1_24' title='bbox 1358 373 1473 427; x_wconf 76' lang='lat' dir='ltr'><strong>pag.</strong></span> <span class='ocrx_word' id='word_1_25' title='bbox 1511 375 1647 424; x_wconf 87' lang='lat'>497.</span> <span class='ocrx_word' id='word_1_26' title='bbox 1675 353 1762 405; x_wconf 89' lang='lat' dir='ltr'>ubi</span> <span class='ocrx_word' id='word_1_27' title='bbox 1787 361 1841 408; x_wconf 84' lang='lat'>&amp;</span> <span class='ocrx_word' id='word_1_28' title='bbox 1870 356 1931 408; x_wconf 78' lang='lat' dir='ltr'>il-</span> 
     </span>
     <span class='ocr_line' id='line_1_4' title="bbox 357 429 1930 507; baseline -0.001 -24"><span class='ocrx_word' id='word_1_29' title='bbox 357 431 450 484; x_wconf 86' lang='lat' dir='ltr'>lud</span> <span class='ocrx_word' id='word_1_30' title='bbox 471 437 681 507; x_wconf 73' lang='lat' dir='ltr'>adjicit,</span> <span class='ocrx_word' id='word_1_31' title='bbox 714 430 913 507; x_wconf 84' lang='lat' dir='ltr'>petiiffe</span> <span class='ocrx_word' id='word_1_32' title='bbox 941 430 1302 484; x_wconf 73' lang='lat' dir='ltr'>Alexandrum</span> <span class='ocrx_word' id='word_1_33' title='bbox 1332 429 1671 500; x_wconf 80' lang='lat' dir='ltr'>impostorem</span> <span class='ocrx_word' id='word_1_34' title='bbox 1712 429 1780 481; x_wconf 82' lang='lat' dir='ltr'>ab</span> <span class='ocrx_word' id='word_1_35' title='bbox 1825 432 1930 482; x_wconf 89' lang='lat' dir='ltr'>Im-</span> 
     </span>
     <span class='ocr_line' id='line_1_5' title="bbox 358 499 1932 579; baseline -0.003 -20"><span class='ocrx_word' id='word_1_36' title='bbox 358 525 599 579; x_wconf 80' lang='lat' dir='ltr'>peratore</span> <span class='ocrx_word' id='word_1_37' title='bbox 639 513 920 573; x_wconf 68' lang='lat' dir='ltr'>Romano,</span> <span class='ocrx_word' id='word_1_38' title='bbox 949 521 1005 557; x_wconf 88' lang='lat' dir='ltr'>ut</span> <span class='ocrx_word' id='word_1_39' title='bbox 1034 508 1312 556; x_wconf 79' lang='lat' dir='ltr'>immutato</span> <span class='ocrx_word' id='word_1_40' title='bbox 1351 499 1617 555; x_wconf 82' lang='lat' dir='ltr'>vocabulo</span> <span class='ocrx_word' id='word_1_41' title='bbox 1657 503 1932 577; x_wconf 83' lang='lat' dir='ltr'>Ionopolis</span> 
     </span>
     <span class='ocr_line' id='line_1_6' title="bbox 360 575 1932 654; baseline -0.006 -20"><span class='ocrx_word' id='word_1_42' title='bbox 360 583 473 634; x_wconf 79' lang='lat' dir='ltr'>haec</span> <span class='ocrx_word' id='word_1_43' title='bbox 501 585 681 634; x_wconf 80' lang='lat' dir='ltr'>civitas</span> <span class='ocrx_word' id='word_1_44' title='bbox 710 595 1112 654; x_wconf 77' lang='lat' dir='ltr'>nuncuparetur.</span> <span class='ocrx_word' id='word_1_45' title='bbox 1163 580 1332 632; x_wconf 83' lang='lat' dir='ltr'>Hunc</span> <span class='ocrx_word' id='word_1_46' title='bbox 1360 575 1460 629; x_wconf 82' lang='lat' dir='ltr'>effe</span> <span class='ocrx_word' id='word_1_47' title='bbox 1490 578 1549 629; x_wconf 94' lang='lat' dir='ltr'>L.</span> <span class='ocrx_word' id='word_1_48' title='bbox 1585 579 1786 630; x_wconf 87' lang='lat' dir='ltr'>Verum</span> <span class='ocrx_word' id='word_1_49' title='bbox 1821 597 1932 631; x_wconf 66' lang='lat' dir='ltr'>cre-</span> 
     </span>
     <span class='ocr_line' id='line_1_7' title="bbox 360 650 1932 728; baseline -0.004 -21"><span class='ocrx_word' id='word_1_50' title='bbox 360 657 555 723; x_wconf 76' lang='lat' dir='ltr'>dimus,</span> <span class='ocrx_word' id='word_1_51' title='bbox 580 657 724 728; x_wconf 85' lang='lat' dir='ltr'>cujus</span> <span class='ocrx_word' id='word_1_52' title='bbox 755 659 806 706; x_wconf 91' lang='lat' dir='ltr'>in</span> <span class='ocrx_word' id='word_1_53' title='bbox 835 656 1022 708; x_wconf 84' lang='lat' dir='ltr'>eodem</span> <span class='ocrx_word' id='word_1_54' title='bbox 1056 653 1284 706; x_wconf 89' lang='lat' dir='ltr'>Cimelio</span> <span class='ocrx_word' id='word_1_55' title='bbox 1314 670 1553 703; x_wconf 84' lang='lat' dir='ltr'>nummus</span> <span class='ocrx_word' id='word_1_56' title='bbox 1580 650 1746 702; x_wconf 71' lang='lat' dir='ltr'>exstat</span> <span class='ocrx_word' id='word_1_57' title='bbox 1767 696 1780 717; x_wconf 67' lang='lat'>,</span> <span class='ocrx_word' id='word_1_58' title='bbox 1810 665 1831 707; x_wconf 89' lang='grc' dir='ltr'>Ι</span> <span class='ocrx_word' id='word_1_59' title='bbox 1853 666 1932 711; x_wconf 81' lang='grc' dir='ltr'>Ω-</span> 
     </span>
     <span class='ocr_line' id='line_1_8' title="bbox 360 726 1932 788; baseline -0.009 0"><span class='ocrx_word' id='word_1_60' title='bbox 360 745 469 788; x_wconf 91' lang='grc' dir='ltr'>ΝΟ</span> <span class='ocrx_word' id='word_1_61' title='bbox 493 742 720 788; x_wconf 85' lang='grc' dir='ltr'>ΠΟΛΕ</span> <span class='ocrx_word' id='word_1_62' title='bbox 746 743 767 786; x_wconf 97' lang='grc' dir='ltr'>Ι</span> <span class='ocrx_word' id='word_1_63' title='bbox 790 743 898 788; x_wconf 88' lang='grc' dir='ltr'>ΤΩ</span> <span class='ocrx_word' id='word_1_64' title='bbox 922 745 984 787; x_wconf 93' lang='lat' dir='ltr'>N.</span> <span class='ocrx_word' id='word_1_65' title='bbox 1031 741 1068 786; x_wconf 92' lang='grc' dir='ltr'><strong>Γ</strong></span> <span class='ocrx_word' id='word_1_66' title='bbox 1092 739 1408 784; x_wconf 82' lang='grc' dir='ltr'><strong>ΛΥΚΩΝ.</strong></span> <span class='ocrx_word' id='word_1_67' title='bbox 1459 726 1611 779; x_wconf 85' lang='lat' dir='ltr'>Unde</span> <span class='ocrx_word' id='word_1_68' title='bbox 1653 730 1705 777; x_wconf 82' lang='lat'>&amp;</span> <span class='ocrx_word' id='word_1_69' title='bbox 1743 726 1932 779; x_wconf 77' lang='lat' dir='ltr'>Lucia-</span> 
     </span>
     <span class='ocr_line' id='line_1_9' title="bbox 360 804 1855 879; baseline 0.001 -24"><span class='ocrx_word' id='word_1_70' title='bbox 360 810 415 857; x_wconf 91' lang='lat' dir='ltr'>ni</span> <span class='ocrx_word' id='word_1_71' title='bbox 450 822 570 858; x_wconf 78' lang='lat' dir='ltr'>aetas</span> <span class='ocrx_word' id='word_1_72' title='bbox 610 804 935 879; x_wconf 79' lang='lat' dir='ltr'>intelligitur.</span> <span class='ocrx_word' id='word_1_73' title='bbox 967 808 1106 862; x_wconf 75' lang='lat' dir='ltr'>Vide</span> <span class='ocrx_word' id='word_1_74' title='bbox 1136 817 1157 860; x_wconf 95' lang='lat' dir='ltr'>I</span> <span class='ocrx_word' id='word_1_75' title='bbox 1182 815 1232 860; x_wconf 89' lang='grc' dir='ltr'>Ω</span> <span class='ocrx_word' id='word_1_76' title='bbox 1250 817 1294 860; x_wconf 90' lang='lat' dir='ltr'>N</span> <span class='ocrx_word' id='word_1_77' title='bbox 1314 817 1359 859; x_wconf 90' lang='lat' dir='ltr'>O</span> <span class='ocrx_word' id='word_1_78' title='bbox 1375 811 1424 859; x_wconf 87' lang='grc' dir='ltr'>Π</span> <span class='ocrx_word' id='word_1_79' title='bbox 1444 814 1490 858; x_wconf 88' lang='grc' dir='ltr'>Ο</span> <span class='ocrx_word' id='word_1_80' title='bbox 1506 810 1603 858; x_wconf 88' lang='grc' dir='ltr'>ΛΕ</span> <span class='ocrx_word' id='word_1_81' title='bbox 1623 813 1646 857; x_wconf 92' lang='lat' dir='ltr'>I</span> <span class='ocrx_word' id='word_1_82' title='bbox 1665 811 1705 855; x_wconf 91' lang='lat' dir='ltr'>T</span> <span class='ocrx_word' id='word_1_83' title='bbox 1725 812 1776 857; x_wconf 93' lang='grc' dir='ltr'>Ω</span> <span class='ocrx_word' id='word_1_84' title='bbox 1794 814 1855 857; x_wconf 89' lang='grc' dir='ltr'>Ν.</span> 
     </span>
    </p>

    <p class='ocr_par' dir='ltr' id='par_1_2' title="bbox 285 949 1932 1478">
     <span class='ocr_line' id='line_1_10' title="bbox 285 949 1927 1024; baseline -0.004 -13"><span class='ocrx_word' id='word_1_85' title='bbox 285 957 332 1011; x_wconf 92' lang='lat' dir='ltr'>C</span> <span class='ocrx_word' id='word_1_86' title='bbox 353 958 463 1009; x_wconf 87' lang='lat' dir='ltr'>OL</span> <span class='ocrx_word' id='word_1_87' title='bbox 484 958 537 1010; x_wconf 89' lang='lat' dir='ltr'>O</span> <span class='ocrx_word' id='word_1_88' title='bbox 559 955 656 1010; x_wconf 89' lang='lat' dir='ltr'>NI</span> <span class='ocrx_word' id='word_1_89' title='bbox 676 957 740 1009; x_wconf 83' lang='lat' dir='ltr'>A.</span> <span class='ocrx_word' id='word_1_90' title='bbox 779 956 828 1008; x_wconf 93' lang='lat' dir='ltr'>A</span> <span class='ocrx_word' id='word_1_91' title='bbox 848 956 894 1009; x_wconf 92' lang='lat' dir='ltr'>C</span> <span class='ocrx_word' id='word_1_92' title='bbox 915 956 962 1008; x_wconf 90' lang='lat' dir='ltr'>C</span> <span class='ocrx_word' id='word_1_93' title='bbox 980 957 1019 1008; x_wconf 91' lang='lat' dir='ltr'>I.</span> <span class='ocrx_word' id='word_1_94' title='bbox 1063 958 1106 1009; x_wconf 94' lang='lat' dir='ltr'>L</span> <span class='ocrx_word' id='word_1_95' title='bbox 1123 957 1161 1008; x_wconf 84' lang='lat' dir='ltr'>E</span> <span class='ocrx_word' id='word_1_96' title='bbox 1183 957 1253 1009; x_wconf 84' lang='lat' dir='ltr'>G.</span> <span class='ocrx_word' id='word_1_97' title='bbox 1297 955 1395 1009; x_wconf 89' lang='lat' dir='ltr'>VI.</span> <span class='ocrx_word' id='word_1_98' title='bbox 1427 949 1648 1024; x_wconf 77' lang='lat' dir='ltr'>Augusti</span> <span class='ocrx_word' id='word_1_99' title='bbox 1666 969 1927 1020; x_wconf 79' lang='lat' dir='ltr'>nummus,</span> 
     </span>
     <span class='ocr_line' id='line_1_11' title="bbox 352 1026 1932 1103; baseline -0.002 -21"><span class='ocrx_word' id='word_1_100' title='bbox 352 1048 383 1082; x_wconf 87' lang='lat' dir='ltr'>e</span> <span class='ocrx_word' id='word_1_101' title='bbox 406 1030 635 1083; x_wconf 66' lang='lat' dir='ltr'>Cimeiio</span> <span class='ocrx_word' id='word_1_102' title='bbox 661 1030 1070 1084; x_wconf 76' lang='lat' dir='ltr'>Christianiffimi</span> <span class='ocrx_word' id='word_1_103' title='bbox 1090 1033 1265 1103; x_wconf 81' lang='lat' dir='ltr'>Regis.</span> <span class='ocrx_word' id='word_1_104' title='bbox 1283 1026 1493 1083; x_wconf 79' lang='lat' dir='ltr'>Colonia</span> <span class='ocrx_word' id='word_1_105' title='bbox 1516 1032 1776 1079; x_wconf 73' lang='lat' dir='ltr'><em>Accitana</em></span> <span class='ocrx_word' id='word_1_106' title='bbox 1796 1070 1812 1095; x_wconf 79' lang='lat'>,</span> <span class='ocrx_word' id='word_1_107' title='bbox 1835 1037 1932 1080; x_wconf 82' lang='lat' dir='ltr'>Le-</span> 
     </span>
     <span class='ocr_line' id='line_1_12' title="bbox 347 1101 1931 1180; baseline -0.004 -25"><span class='ocrx_word' id='word_1_108' title='bbox 347 1104 688 1180; x_wconf 72' lang='lat' dir='ltr'>gionissextae.</span> <span class='ocrx_word' id='word_1_109' title='bbox 716 1105 912 1159; x_wconf 88' lang='lat' dir='ltr'>Plinius</span> <span class='ocrx_word' id='word_1_110' title='bbox 931 1150 944 1172; x_wconf 75' lang='lat'>‚</span> <span class='ocrx_word' id='word_1_111' title='bbox 971 1104 1060 1159; x_wconf 80' lang='lat' dir='ltr'>lib.</span> <span class='ocrx_word' id='word_1_112' title='bbox 1086 1128 1101 1159; x_wconf 94' lang='lat'>1</span> <span class='ocrx_word' id='word_1_113' title='bbox 1125 1129 1136 1161; x_wconf 86' lang='lat'>1</span> <span class='ocrx_word' id='word_1_114' title='bbox 1163 1128 1200 1160; x_wconf 93' lang='lat'>1.</span> <span class='ocrx_word' id='word_1_115' title='bbox 1229 1106 1348 1159; x_wconf 67' lang='lat' dir='ltr'>sest.</span> <span class='ocrx_word' id='word_1_116' title='bbox 1380 1128 1396 1160; x_wconf 87' lang='lat'><em>1</em></span> <span class='ocrx_word' id='word_1_117' title='bbox 1416 1122 1468 1156; x_wconf 88' lang='lat' dir='ltr'>V.</span> <span class='ocrx_word' id='word_1_118' title='bbox 1494 1111 1573 1154; x_wconf 80' lang='lat' dir='ltr'>Ex</span> <span class='ocrx_word' id='word_1_119' title='bbox 1603 1101 1790 1153; x_wconf 73' lang='lat' dir='ltr'>colonia</span> <span class='ocrx_word' id='word_1_120' title='bbox 1823 1109 1931 1159; x_wconf 85' lang='lat' dir='ltr'>Ac-</span> 
     </span>
     <span class='ocr_line' id='line_1_13' title="bbox 352 1177 1926 1253; baseline -0.002 -21"><span class='ocrx_word' id='word_1_121' title='bbox 352 1188 523 1233; x_wconf 68' lang='lat' dir='ltr'><em>citana</em></span> <span class='ocrx_word' id='word_1_122' title='bbox 547 1226 560 1248; x_wconf 84' lang='lat'>,</span> <span class='ocrx_word' id='word_1_123' title='bbox 587 1182 906 1253; x_wconf 41' lang='lat' dir='ltr'>Gemellenses.</span> <span class='ocrx_word' id='word_1_124' title='bbox 938 1182 1108 1234; x_wconf 78' lang='lat' dir='ltr'>Nunc</span> <span class='ocrx_word' id='word_1_125' title='bbox 1133 1180 1341 1233; x_wconf 72' lang='lat' dir='ltr'>Guadix</span> <span class='ocrx_word' id='word_1_126' title='bbox 1371 1191 1618 1243; x_wconf 78' lang='lat' dir='ltr'>vocatur,</span> <span class='ocrx_word' id='word_1_127' title='bbox 1641 1179 1690 1228; x_wconf 88' lang='lat' dir='ltr'>in</span> <span class='ocrx_word' id='word_1_128' title='bbox 1717 1177 1926 1229; x_wconf 79' lang='lat' dir='ltr'>Grana-</span> 
     </span>
     <span class='ocr_line' id='line_1_14' title="bbox 353 1253 1927 1329; baseline 0.001 -22"><span class='ocrx_word' id='word_1_129' title='bbox 353 1257 484 1308; x_wconf 86' lang='lat' dir='ltr'>tenfi</span> <span class='ocrx_word' id='word_1_130' title='bbox 513 1274 691 1329; x_wconf 80' lang='lat' dir='ltr'>regno,</span> <span class='ocrx_word' id='word_1_131' title='bbox 722 1256 882 1328; x_wconf 85' lang='lat' dir='ltr'>Apud</span> <span class='ocrx_word' id='word_1_132' title='bbox 918 1257 1204 1309; x_wconf 85' lang='lat' dir='ltr'>Gruterum</span> <span class='ocrx_word' id='word_1_133' title='bbox 1224 1299 1239 1322; x_wconf 85' lang='lat'>‚</span> <span class='ocrx_word' id='word_1_134' title='bbox 1276 1272 1394 1327; x_wconf 73' lang='lat' dir='ltr'><strong>pag.</strong></span> <span class='ocrx_word' id='word_1_135' title='bbox 1421 1272 1513 1322; x_wconf 86' lang='lat'>271</span> <span class='ocrx_word' id='word_1_136' title='bbox 1532 1296 1543 1308; x_wconf 94' lang='lat'><strong>.</strong></span> <span class='ocrx_word' id='word_1_137' title='bbox 1583 1253 1758 1305; x_wconf 87' lang='lat' dir='ltr'><strong>COL.</strong></span> <span class='ocrx_word' id='word_1_138' title='bbox 1786 1254 1927 1308; x_wconf 75' lang='lat' dir='ltr'><strong>IVL.</strong></span> 
     </span>
     <span class='ocr_line' id='line_1_15' title="bbox 353 1324 1929 1386; baseline -0.004 0"><span class='ocrx_word' id='word_1_139' title='bbox 353 1334 561 1386; x_wconf 85' lang='lat' dir='ltr'><strong>AVG.</strong></span> <span class='ocrx_word' id='word_1_140' title='bbox 611 1333 662 1384; x_wconf 90' lang='lat' dir='ltr'><strong>G</strong></span> <span class='ocrx_word' id='word_1_141' title='bbox 685 1333 825 1385; x_wconf 89' lang='lat' dir='ltr'>EM.</span> <span class='ocrx_word' id='word_1_142' title='bbox 871 1331 1384 1386; x_wconf 83' lang='lat' dir='ltr'><strong>ACCITANA.</strong></span> <span class='ocrx_word' id='word_1_143' title='bbox 1412 1324 1619 1381; x_wconf 77' lang='lat' dir='ltr'>Colonia</span> <span class='ocrx_word' id='word_1_144' title='bbox 1642 1327 1790 1379; x_wconf 77' lang='lat' dir='ltr'><em>Iulia</em></span> <span class='ocrx_word' id='word_1_145' title='bbox 1810 1331 1929 1380; x_wconf 82' lang='lat' dir='ltr'>Au-</span> 
     </span>
     <span class='ocr_line' id='line_1_16' title="bbox 351 1407 1051 1478; baseline 0.004 -24"><span class='ocrx_word' id='word_1_146' title='bbox 351 1410 488 1478; x_wconf 76' lang='lat' dir='ltr'><em>gusta</em></span> <span class='ocrx_word' id='word_1_147' title='bbox 528 1407 746 1459; x_wconf 71' lang='lat' dir='ltr'>Gemeffa</span> <span class='ocrx_word' id='word_1_148' title='bbox 773 1411 1051 1459; x_wconf 62' lang='lat' dir='ltr'>Accitana.</span> 
     </span>
    </p>

    <p class='ocr_par' dir='ltr' id='par_1_3' title="bbox 280 1476 1929 1697">
     <span class='ocr_line' id='line_1_17' title="bbox 280 1476 1929 1549; baseline -0.009 -13"><span class='ocrx_word' id='word_1_149' title='bbox 280 1482 346 1536; x_wconf 90' lang='lat' dir='ltr'>C.</span> <span class='ocrx_word' id='word_1_150' title='bbox 388 1482 431 1533; x_wconf 92' lang='lat' dir='ltr'>I.</span> <span class='ocrx_word' id='word_1_151' title='bbox 470 1482 535 1533; x_wconf 89' lang='lat' dir='ltr'>C.</span> <span class='ocrx_word' id='word_1_152' title='bbox 575 1484 621 1533; x_wconf 89' lang='lat' dir='ltr'>A</span> <span class='ocrx_word' id='word_1_153' title='bbox 644 1483 691 1534; x_wconf 88' lang='lat' dir='ltr'>C</span> <span class='ocrx_word' id='word_1_154' title='bbox 713 1481 822 1532; x_wconf 88' lang='lat' dir='ltr'>CI.</span> <span class='ocrx_word' id='word_1_155' title='bbox 866 1480 982 1532; x_wconf 78' lang='lat' dir='ltr'>Caii</span> <span class='ocrx_word' id='word_1_156' title='bbox 1019 1477 1276 1549; x_wconf 68' lang='lat' dir='ltr'>Caligulae</span> <span class='ocrx_word' id='word_1_157' title='bbox 1304 1492 1547 1527; x_wconf 86' lang='lat' dir='ltr'>nummus</span> <span class='ocrx_word' id='word_1_158' title='bbox 1574 1519 1589 1542; x_wconf 79' lang='lat'>‚</span> <span class='ocrx_word' id='word_1_159' title='bbox 1622 1476 1764 1549; x_wconf 81' lang='lat' dir='ltr'>apud</span> <span class='ocrx_word' id='word_1_160' title='bbox 1808 1476 1929 1529; x_wconf 86' lang='lat' dir='ltr'>Me-</span> 
     </span>
     <span class='ocr_line' id='line_1_18' title="bbox 351 1550 1927 1627; baseline -0.003 -20"><span class='ocrx_word' id='word_1_161' title='bbox 351 1552 696 1620; x_wconf 65' lang='lat' dir='ltr'>diobarbum,</span> <span class='ocrx_word' id='word_1_162' title='bbox 725 1571 841 1627; x_wconf 77' lang='lat' dir='ltr'><strong>pag.</strong></span> <span class='ocrx_word' id='word_1_163' title='bbox 873 1560 969 1623; x_wconf 84' lang='lat'>78.</span> <span class='ocrx_word' id='word_1_164' title='bbox 1008 1571 1104 1626; x_wconf 88' lang='lat' dir='ltr'>pro</span> <span class='ocrx_word' id='word_1_165' title='bbox 1138 1553 1201 1605; x_wconf 89' lang='lat' dir='ltr'>C.</span> <span class='ocrx_word' id='word_1_166' title='bbox 1236 1555 1276 1605; x_wconf 92' lang='grc' dir='ltr'>Ι.</span> <span class='ocrx_word' id='word_1_167' title='bbox 1319 1552 1391 1605; x_wconf 89' lang='lat' dir='ltr'>G.</span> <span class='ocrx_word' id='word_1_168' title='bbox 1439 1552 1549 1602; x_wconf 89' lang='lat' dir='ltr'>AC</span> <span class='ocrx_word' id='word_1_169' title='bbox 1570 1550 1655 1603; x_wconf 90' lang='lat' dir='ltr'>CI</span> <span class='ocrx_word' id='word_1_170' title='bbox 1688 1593 1702 1616; x_wconf 88' lang='lat'>‚</span> <span class='ocrx_word' id='word_1_171' title='bbox 1742 1551 1818 1601; x_wconf 91' lang='lat' dir='ltr'>uti</span> <span class='ocrx_word' id='word_1_172' title='bbox 1846 1566 1927 1602; x_wconf 77' lang='lat' dir='ltr'>re-</span> 
     </span>
     <span class='ocr_line' id='line_1_19' title="bbox 351 1626 1731 1697; baseline -0.001 -17"><span class='ocrx_word' id='word_1_173' title='bbox 351 1648 491 1683; x_wconf 84' lang='lat' dir='ltr'>mur:</span> <span class='ocrx_word' id='word_1_174' title='bbox 523 1631 630 1682; x_wconf 90' lang='lat' dir='ltr'>hoc</span> <span class='ocrx_word' id='word_1_175' title='bbox 663 1629 736 1681; x_wconf 85' lang='lat' dir='ltr'>est</span> <span class='ocrx_word' id='word_1_176' title='bbox 754 1672 768 1697; x_wconf 85' lang='lat'>,</span> <span class='ocrx_word' id='word_1_177' title='bbox 799 1627 1006 1684; x_wconf 77' lang='lat' dir='ltr'>Colonia</span> <span class='ocrx_word' id='word_1_178' title='bbox 1032 1626 1173 1685; x_wconf 76' lang='lat' dir='ltr'><em>Iulia</em></span> <span class='ocrx_word' id='word_1_179' title='bbox 1202 1626 1423 1681; x_wconf 82' lang='lat' dir='ltr'>Gemella</span> <span class='ocrx_word' id='word_1_180' title='bbox 1452 1630 1731 1679; x_wconf 75' lang='lat' dir='ltr'>Accitana.</span> 
     </span>
    </p>

    <p class='ocr_par' dir='ltr' id='par_1_4' title="bbox 206 1704 597 1760">
     <span class='ocr_line' id='line_1_20' title="bbox 206 1704 597 1760; baseline 0 -2"><span class='ocrx_word' id='word_1_181' title='bbox 206 1704 257 1758; x_wconf 91' lang='lat' dir='ltr'>A</span> <span class='ocrx_word' id='word_1_182' title='bbox 277 1704 325 1757; x_wconf 92' lang='lat' dir='ltr'>C</span> <span class='ocrx_word' id='word_1_183' title='bbox 344 1707 404 1760; x_wconf 88' lang='lat' dir='ltr'><strong>H</strong></span> <span class='ocrx_word' id='word_1_184' title='bbox 422 1707 466 1760; x_wconf 89' lang='lat' dir='ltr'>A</span> <span class='ocrx_word' id='word_1_185' title='bbox 489 1708 512 1758; x_wconf 93' lang='grc' dir='ltr'>Ι</span> <span class='ocrx_word' id='word_1_186' title='bbox 533 1707 597 1758; x_wconf 91' lang='grc' dir='ltr'>Α.</span> 
     </span>
    </p>

    <p class='ocr_par' dir='ltr' id='par_1_5' title="bbox 278 1778 1930 2002">
     <span class='ocr_line' id='line_1_21' title="bbox 278 1778 1926 1838; baseline -0.005 0"><span class='ocrx_word' id='word_1_187' title='bbox 278 1782 930 1838; x_wconf 88' lang='lat' dir='ltr'>RESTITVTORI</span> <span class='ocrx_word' id='word_1_188' title='bbox 984 1778 1430 1835; x_wconf 88' lang='lat' dir='ltr'><strong>ACHAIAE.</strong></span> <span class='ocrx_word' id='word_1_189' title='bbox 1485 1778 1756 1831; x_wconf 86' lang='lat' dir='ltr'>Nummus</span> <span class='ocrx_word' id='word_1_190' title='bbox 1808 1779 1926 1832; x_wconf 83' lang='lat' dir='ltr'>Ha-</span> 
     </span>
     <span class='ocr_line' id='line_1_22' title="bbox 353 1852 1926 1929; baseline -0.003 -23"><span class='ocrx_word' id='word_1_191' title='bbox 353 1856 519 1908; x_wconf 87' lang='lat' dir='ltr'>driani</span> <span class='ocrx_word' id='word_1_192' title='bbox 538 1901 553 1924; x_wconf 75' lang='lat'>,</span> <span class='ocrx_word' id='word_1_193' title='bbox 571 1873 599 1907; x_wconf 90' lang='lat' dir='ltr'>e</span> <span class='ocrx_word' id='word_1_194' title='bbox 630 1857 857 1908; x_wconf 89' lang='lat' dir='ltr'>Cimelio</span> <span class='ocrx_word' id='word_1_195' title='bbox 887 1858 1062 1929; x_wconf 80' lang='lat' dir='ltr'>Regio</span> <span class='ocrx_word' id='word_1_196' title='bbox 1080 1896 1096 1917; x_wconf 86' lang='grc'>,</span> <span class='ocrx_word' id='word_1_197' title='bbox 1114 1859 1169 1907; x_wconf 75' lang='grc' dir='ltr'>ὅζ</span> <span class='ocrx_word' id='word_1_198' title='bbox 1196 1852 1339 1926; x_wconf 82' lang='lat' dir='ltr'>apud</span> <span class='ocrx_word' id='word_1_199' title='bbox 1365 1854 1607 1907; x_wconf 81' lang='lat' dir='ltr'>Patinum</span> <span class='ocrx_word' id='word_1_200' title='bbox 1625 1894 1639 1917; x_wconf 84' lang='lat'>‚</span> <span class='ocrx_word' id='word_1_201' title='bbox 1669 1869 1787 1925; x_wconf 81' lang='lat' dir='ltr'><strong>pag.</strong></span> <span class='ocrx_word' id='word_1_202' title='bbox 1812 1874 1926 1924; x_wconf 84' lang='lat'><strong>194.</strong></span> 
     </span>
     <span class='ocr_line' id='line_1_23' title="bbox 355 1924 1930 2002; baseline -0.001 -21"><span class='ocrx_word' id='word_1_203' title='bbox 355 1948 467 2002; x_wconf 91' lang='lat' dir='ltr'>quo</span> <span class='ocrx_word' id='word_1_204' title='bbox 497 1934 550 1996; x_wconf 80' lang='lat' dir='ltr'>in</span> <span class='ocrx_word' id='word_1_205' title='bbox 581 1949 800 1982; x_wconf 89' lang='lat' dir='ltr'>nummo</span> <span class='ocrx_word' id='word_1_206' title='bbox 831 1931 1039 1984; x_wconf 69' lang='lat' dir='ltr'>Achaia</span> <span class='ocrx_word' id='word_1_207' title='bbox 1067 1928 1133 1981; x_wconf 84' lang='lat' dir='ltr'>ab</span> <span class='ocrx_word' id='word_1_208' title='bbox 1156 1928 1437 1984; x_wconf 74' lang='lat' dir='ltr'>Hadriano</span> <span class='ocrx_word' id='word_1_209' title='bbox 1466 1924 1785 1982; x_wconf 80' lang='lat' dir='ltr'>sublevatur:</span> <span class='ocrx_word' id='word_1_210' title='bbox 1814 1928 1930 1990; x_wconf 80' lang='lat' dir='ltr'>vase</span> 
     </span>
    </p>

    <p class='ocr_par' dir='ltr' id='par_1_6' title="bbox 283 1999 1933 2665">
     <span class='ocr_line' id='line_1_24' title="bbox 283 1999 1930 2076; baseline -0.003 -18"><span class='ocrx_word' id='word_1_211' title='bbox 283 2035 287 2038; x_wconf 91' lang='lat'><strong>·</strong></span> <span class='ocrx_word' id='word_1_212' title='bbox 359 2006 615 2058; x_wconf 84' lang='lat' dir='ltr'>Caesarem</span> <span class='ocrx_word' id='word_1_213' title='bbox 647 2008 780 2058; x_wconf 82' lang='lat' dir='ltr'>inter</span> <span class='ocrx_word' id='word_1_214' title='bbox 814 2011 869 2058; x_wconf 85' lang='lat'>&amp;</span> <span class='ocrx_word' id='word_1_215' title='bbox 897 2005 1155 2058; x_wconf 64' lang='lat' dir='ltr'>Achaiam</span> <span class='ocrx_word' id='word_1_216' title='bbox 1186 2002 1359 2076; x_wconf 82' lang='lat' dir='ltr'>posito</span> <span class='ocrx_word' id='word_1_217' title='bbox 1390 2045 1405 2068; x_wconf 86' lang='lat'>,</span> <span class='ocrx_word' id='word_1_218' title='bbox 1448 2018 1513 2053; x_wconf 79' lang='lat' dir='ltr'>ex</span> <span class='ocrx_word' id='word_1_219' title='bbox 1552 2018 1659 2071; x_wconf 91' lang='lat' dir='ltr'>quo</span> <span class='ocrx_word' id='word_1_220' title='bbox 1686 1999 1814 2054; x_wconf 85' lang='lat' dir='ltr'>oleae</span> <span class='ocrx_word' id='word_1_221' title='bbox 1845 2001 1930 2053; x_wconf 87' lang='lat' dir='ltr'>vel</span> 
     </span>
     <span class='ocr_line' id='line_1_25' title="bbox 354 2073 1928 2148; baseline -0.001 -19"><span class='ocrx_word' id='word_1_222' title='bbox 354 2078 561 2131; x_wconf 75' lang='lat' dir='ltr'>oleastri</span> <span class='ocrx_word' id='word_1_223' title='bbox 588 2096 758 2130; x_wconf 77' lang='lat' dir='ltr'>ramus</span> <span class='ocrx_word' id='word_1_224' title='bbox 793 2079 986 2146; x_wconf 80' lang='lat' dir='ltr'>exstat,</span> <span class='ocrx_word' id='word_1_225' title='bbox 1014 2097 1123 2148; x_wconf 90' lang='lat' dir='ltr'>quo</span> <span class='ocrx_word' id='word_1_226' title='bbox 1158 2076 1377 2133; x_wconf 83' lang='lat' dir='ltr'>Acha&#39;i&#39;ae</span> <span class='ocrx_word' id='word_1_227' title='bbox 1395 2116 1412 2137; x_wconf 82' lang='lat'><em>,</em></span> <span class='ocrx_word' id='word_1_228' title='bbox 1435 2076 1539 2129; x_wconf 87' lang='lat' dir='ltr'>hoc</span> <span class='ocrx_word' id='word_1_229' title='bbox 1567 2073 1671 2136; x_wconf 85' lang='lat' dir='ltr'>est,</span> <span class='ocrx_word' id='word_1_230' title='bbox 1706 2077 1928 2128; x_wconf 82' lang='lat' dir='ltr'>Graeciae</span> 
     </span>
     <span class='ocr_line' id='line_1_26' title="bbox 357 2147 1925 2224; baseline -0.001 -21"><span class='ocrx_word' id='word_1_231' title='bbox 357 2155 519 2205; x_wconf 87' lang='lat' dir='ltr'>totius</span> <span class='ocrx_word' id='word_1_232' title='bbox 547 2152 657 2203; x_wconf 89' lang='lat' dir='ltr'>Iudi</span> <span class='ocrx_word' id='word_1_233' title='bbox 693 2153 971 2224; x_wconf 80' lang='lat' dir='ltr'>fignantur.</span> <span class='ocrx_word' id='word_1_234' title='bbox 1034 2154 1186 2205; x_wconf 80' lang='lat' dir='ltr'>Nam</span> <span class='ocrx_word' id='word_1_235' title='bbox 1218 2193 1233 2217; x_wconf 90' lang='lat'>,</span> <span class='ocrx_word' id='word_1_236' title='bbox 1272 2165 1330 2201; x_wconf 90' lang='lat' dir='ltr'>ut</span> <span class='ocrx_word' id='word_1_237' title='bbox 1359 2150 1555 2203; x_wconf 89' lang='lat' dir='ltr'>Plinius</span> <span class='ocrx_word' id='word_1_238' title='bbox 1581 2149 1683 2214; x_wconf 81' lang='lat' dir='ltr'>ait,</span> <span class='ocrx_word' id='word_1_239' title='bbox 1708 2147 1799 2201; x_wconf 90' lang='lat' dir='ltr'>lib.</span> <span class='ocrx_word' id='word_1_240' title='bbox 1829 2166 1925 2203; x_wconf 86' lang='lat' dir='ltr'>xv.</span> 
     </span>
     <span class='ocr_line' id='line_1_27' title="bbox 355 2222 1925 2289; baseline -0.004 -14"><span class='ocrx_word' id='word_1_241' title='bbox 355 2225 474 2280; x_wconf 68' lang='lat' dir='ltr'>sest.</span> <span class='ocrx_word' id='word_1_242' title='bbox 494 2245 541 2279; x_wconf 78' lang='lat' dir='ltr'>v,</span> <span class='ocrx_word' id='word_1_243' title='bbox 571 2224 790 2280; x_wconf 75' lang='lat' dir='ltr'><em>Athenae</em></span> <span class='ocrx_word' id='word_1_244' title='bbox 813 2226 1018 2276; x_wconf 65' lang='lat' dir='ltr'>viflores</span> <span class='ocrx_word' id='word_1_245' title='bbox 1045 2223 1150 2276; x_wconf 70' lang='lat' dir='ltr'>olea</span> <span class='ocrx_word' id='word_1_246' title='bbox 1179 2237 1442 2289; x_wconf 77' lang='lat' dir='ltr'>coronant,</span> <span class='ocrx_word' id='word_1_247' title='bbox 1466 2226 1620 2273; x_wconf 83' lang='lat' dir='ltr'>Graeci</span> <span class='ocrx_word' id='word_1_248' title='bbox 1647 2241 1761 2272; x_wconf 85' lang='lat' dir='ltr'>vero</span> <span class='ocrx_word' id='word_1_249' title='bbox 1795 2222 1925 2275; x_wconf 70' lang='lat' dir='ltr'>olea-</span> 
     </span>
     <span class='ocr_line' id='line_1_28' title="bbox 339 2298 1930 2368; baseline -0.001 -18"><span class='ocrx_word' id='word_1_250' title='bbox 339 2302 439 2366; x_wconf 85' lang='lat' dir='ltr'>stro</span> <span class='ocrx_word' id='word_1_251' title='bbox 466 2298 719 2368; x_wconf 58' lang='lat' dir='ltr'>Olympiae.</span> <span class='ocrx_word' id='word_1_252' title='bbox 754 2302 891 2354; x_wconf 92' lang='lat' dir='ltr'>Non</span> <span class='ocrx_word' id='word_1_253' title='bbox 917 2301 1048 2352; x_wconf 84' lang='lat' dir='ltr'>vidit</span> <span class='ocrx_word' id='word_1_254' title='bbox 1075 2298 1261 2351; x_wconf 90' lang='lat' dir='ltr'>hortos</span> <span class='ocrx_word' id='word_1_255' title='bbox 1286 2298 1582 2360; x_wconf 80' lang='lat' dir='ltr'>Tristanus‚</span> <span class='ocrx_word' id='word_1_256' title='bbox 1612 2299 1701 2367; x_wconf 89' lang='lat' dir='ltr'>qui</span> <span class='ocrx_word' id='word_1_257' title='bbox 1731 2310 1860 2350; x_wconf 89' lang='lat' dir='ltr'>tom.</span> <span class='ocrx_word' id='word_1_258' title='bbox 1891 2319 1930 2351; x_wconf 92' lang='lat'>1.</span> 
     </span>
     <span class='ocr_line' id='line_1_29' title="bbox 356 2367 1930 2448; baseline -0.001 -22"><span class='ocrx_word' id='word_1_259' title='bbox 356 2391 477 2448; x_wconf 83' lang='lat' dir='ltr'><strong>pag.</strong></span> <span class='ocrx_word' id='word_1_260' title='bbox 506 2367 623 2446; x_wconf 57' lang='lat'>[471.</span> <span class='ocrx_word' id='word_1_261' title='bbox 640 2376 834 2443; x_wconf 65' lang='grc' dir='ltr'>σέλινον,</span> <span class='ocrx_word' id='word_1_262' title='bbox 857 2375 963 2426; x_wconf 88' lang='lat' dir='ltr'>hoc</span> <span class='ocrx_word' id='word_1_263' title='bbox 982 2375 1058 2426; x_wconf 90' lang='lat' dir='ltr'>est</span> <span class='ocrx_word' id='word_1_264' title='bbox 1076 2375 1281 2446; x_wconf 78' lang='lat' dir='ltr'>,apium</span> <span class='ocrx_word' id='word_1_265' title='bbox 1297 2416 1312 2439; x_wconf 81' lang='lat'>,</span> <span class='ocrx_word' id='word_1_266' title='bbox 1330 2371 1417 2423; x_wconf 88' lang='lat' dir='ltr'>hic</span> <span class='ocrx_word' id='word_1_267' title='bbox 1436 2371 1584 2444; x_wconf 85' lang='lat' dir='ltr'>pingi</span> <span class='ocrx_word' id='word_1_268' title='bbox 1604 2384 1771 2441; x_wconf 79' lang='lat' dir='ltr'>putat.</span> <span class='ocrx_word' id='word_1_269' title='bbox 1791 2370 1930 2427; x_wconf 87' lang='lat' dir='ltr'>Vide</span> 
     </span>
     <span class='ocr_line' id='line_1_30' title="bbox 356 2447 1933 2522; baseline -0.006 -17"><span class='ocrx_word' id='word_1_270' title='bbox 356 2462 403 2505; x_wconf 82' lang='lat' dir='ltr'>A</span> <span class='ocrx_word' id='word_1_271' title='bbox 419 2461 464 2506; x_wconf 93' lang='lat' dir='ltr'>X</span> <span class='ocrx_word' id='word_1_272' title='bbox 484 2464 528 2507; x_wconf 90' lang='lat' dir='ltr'><strong>A</strong></span> <span class='ocrx_word' id='word_1_273' title='bbox 546 2463 568 2506; x_wconf 97' lang='lat' dir='ltr'>I</span> <span class='ocrx_word' id='word_1_274' title='bbox 589 2463 638 2507; x_wconf 84' lang='grc' dir='ltr'>Ω</span> <span class='ocrx_word' id='word_1_275' title='bbox 657 2465 717 2508; x_wconf 90' lang='grc' dir='ltr'>Ν.</span> <span class='ocrx_word' id='word_1_276' title='bbox 763 2452 1063 2522; x_wconf 81' lang='lat' dir='ltr'>Spartianus</span> <span class='ocrx_word' id='word_1_277' title='bbox 1081 2490 1096 2515; x_wconf 86' lang='lat'>,</span> <span class='ocrx_word' id='word_1_278' title='bbox 1134 2450 1186 2498; x_wconf 87' lang='lat' dir='ltr'>in</span> <span class='ocrx_word' id='word_1_279' title='bbox 1215 2447 1496 2500; x_wconf 82' lang='lat' dir='ltr'>Hadriano</span> <span class='ocrx_word' id='word_1_280' title='bbox 1515 2487 1529 2510; x_wconf 91' lang='lat'>,</span> <span class='ocrx_word' id='word_1_281' title='bbox 1565 2460 1686 2516; x_wconf 80' lang='lat' dir='ltr'><strong>pag.</strong></span> <span class='ocrx_word' id='word_1_282' title='bbox 1723 2451 1771 2499; x_wconf 88' lang='lat'>6.</span> <span class='ocrx_word' id='word_1_283' title='bbox 1812 2449 1933 2515; x_wconf 76' lang='lat' dir='ltr'>Post</span> 
     </span>
     <span class='ocr_line' id='line_1_31' title="bbox 357 2519 1927 2601; baseline -0.001 -26"><span class='ocrx_word' id='word_1_284' title='bbox 357 2522 447 2577; x_wconf 86' lang='lat' dir='ltr'>hoc</span> <span class='ocrx_word' id='word_1_285' title='bbox 458 2541 549 2594; x_wconf 88' lang='lat' dir='ltr'>per</span> <span class='ocrx_word' id='word_1_286' title='bbox 572 2527 750 2601; x_wconf 72' lang='lat' dir='ltr'>Afiam</span> <span class='ocrx_word' id='word_1_287' title='bbox 773 2525 834 2587; x_wconf 60' lang='lat' dir='ltr'>eff</span> <span class='ocrx_word' id='word_1_288' title='bbox 851 2524 1038 2598; x_wconf 74' lang='lat' dir='ltr'>infidas</span> <span class='ocrx_word' id='word_1_289' title='bbox 1067 2522 1140 2574; x_wconf 75' lang='lat' dir='ltr'>ad</span> <span class='ocrx_word' id='word_1_290' title='bbox 1165 2519 1430 2577; x_wconf 68' lang='lat' dir='ltr'><em>Achaiam</em></span> <span class='ocrx_word' id='word_1_291' title='bbox 1447 2525 1731 2592; x_wconf 75' lang='lat' dir='ltr'><em>navigavit</em></span> <span class='ocrx_word' id='word_1_292' title='bbox 1747 2563 1761 2588; x_wconf 87' lang='lat'>,</span> <span class='ocrx_word' id='word_1_293' title='bbox 1792 2564 1831 2576; x_wconf 90' lang='lat'>..</span> <span class='ocrx_word' id='word_1_294' title='bbox 1858 2561 1869 2576; x_wconf 90' lang='lat'><strong>.</strong></span> <span class='ocrx_word' id='word_1_295' title='bbox 1887 2564 1927 2575; x_wconf 92' lang='lat'>..</span> 
     </span>
     <span class='ocr_line' id='line_1_32' title="bbox 358 2594 1322 2665; baseline -0.001 -14"><span class='ocrx_word' id='word_1_296' title='bbox 358 2600 516 2653; x_wconf 77' lang='lat' dir='ltr'>multa</span> <span class='ocrx_word' id='word_1_297' title='bbox 539 2607 590 2652; x_wconf 84' lang='lat' dir='ltr'>in</span> <span class='ocrx_word' id='word_1_298' title='bbox 612 2601 929 2664; x_wconf 80' lang='lat' dir='ltr'>Athenienses</span> <span class='ocrx_word' id='word_1_299' title='bbox 959 2596 1191 2665; x_wconf 80' lang='lat' dir='ltr'><em>contulit,</em></span> <span class='ocrx_word' id='word_1_300' title='bbox 1222 2594 1322 2658; x_wconf 64' lang='lat' dir='ltr'>&amp;a</span> 
     </span>
    </p>

    <p class='ocr_par' dir='ltr' id='par_1_7' title="bbox 207 2670 1929 2973">
     <span class='ocr_line' id='line_1_33' title="bbox 207 2670 1928 2742; baseline -0.005 -13"><span class='ocrx_word' id='word_1_301' title='bbox 207 2675 325 2729; x_wconf 87' lang='lat' dir='ltr'>AC</span> <span class='ocrx_word' id='word_1_302' title='bbox 347 2679 365 2731; x_wconf 92' lang='grc' dir='ltr'><strong>Ι</strong></span> <span class='ocrx_word' id='word_1_303' title='bbox 388 2679 444 2732; x_wconf 90' lang='grc' dir='ltr'>Ν</span> <span class='ocrx_word' id='word_1_304' title='bbox 467 2679 490 2729; x_wconf 94' lang='grc' dir='ltr'><strong>Ι</strong></span> <span class='ocrx_word' id='word_1_305' title='bbox 510 2679 547 2729; x_wconf 91' lang='grc' dir='ltr'>Ρ</span> <span class='ocrx_word' id='word_1_306' title='bbox 569 2679 640 2731; x_wconf 89' lang='lat' dir='ltr'>O.</span> <span class='ocrx_word' id='word_1_307' title='bbox 682 2676 972 2732; x_wconf 87' lang='lat' dir='ltr'>Rodericus</span> <span class='ocrx_word' id='word_1_308' title='bbox 998 2675 1165 2728; x_wconf 83' lang='lat' dir='ltr'>Carus</span> <span class='ocrx_word' id='word_1_309' title='bbox 1184 2715 1199 2739; x_wconf 71' lang='lat'>‚</span> <span class='ocrx_word' id='word_1_310' title='bbox 1230 2670 1318 2726; x_wconf 90' lang='lat' dir='ltr'>lib.</span> <span class='ocrx_word' id='word_1_311' title='bbox 1355 2686 1472 2725; x_wconf 69' lang='lat'><strong>1&#39;11.</strong></span> <span class='ocrx_word' id='word_1_312' title='bbox 1507 2685 1624 2742; x_wconf 83' lang='lat' dir='ltr'><strong>cap.</strong></span> <span class='ocrx_word' id='word_1_313' title='bbox 1652 2688 1683 2723; x_wconf 89' lang='lat' dir='ltr'>L</span> <span class='ocrx_word' id='word_1_314' title='bbox 1702 2687 1737 2723; x_wconf 88' lang='lat' dir='ltr'><strong>v</strong></span> <span class='ocrx_word' id='word_1_315' title='bbox 1756 2689 1774 2721; x_wconf 95' lang='lat'>1</span> <span class='ocrx_word' id='word_1_316' title='bbox 1792 2689 1829 2722; x_wconf 93' lang='lat'>1.</span> <span class='ocrx_word' id='word_1_317' title='bbox 1864 2684 1928 2721; x_wconf 84' lang='lat' dir='ltr'>ex</span> 
     </span>
     <span class='ocr_line' id='line_1_34' title="bbox 358 2745 1924 2814; baseline -0.002 -14"><span class='ocrx_word' id='word_1_318' title='bbox 358 2767 577 2803; x_wconf 89' lang='lat' dir='ltr'>nummo</span> <span class='ocrx_word' id='word_1_319' title='bbox 604 2767 799 2804; x_wconf 82' lang='lat' dir='ltr'>vetere.</span> <span class='ocrx_word' id='word_1_320' title='bbox 825 2749 1000 2803; x_wconf 88' lang='lat' dir='ltr'>Plinio</span> <span class='ocrx_word' id='word_1_321' title='bbox 1025 2792 1039 2814; x_wconf 78' lang='lat'>,</span> <span class='ocrx_word' id='word_1_322' title='bbox 1084 2746 1174 2799; x_wconf 88' lang='lat' dir='ltr'>lib.</span> <span class='ocrx_word' id='word_1_323' title='bbox 1216 2768 1235 2800; x_wconf 93' lang='lat'>1</span> <span class='ocrx_word' id='word_1_324' title='bbox 1252 2768 1270 2800; x_wconf 90' lang='lat'>1</span> <span class='ocrx_word' id='word_1_325' title='bbox 1290 2769 1327 2802; x_wconf 90' lang='lat'>1.</span> <span class='ocrx_word' id='word_1_326' title='bbox 1366 2745 1482 2798; x_wconf 57' lang='lat' dir='ltr'>scot.</span> <span class='ocrx_word' id='word_1_327' title='bbox 1520 2767 1537 2800; x_wconf 95' lang='lat'>1</span> <span class='ocrx_word' id='word_1_328' title='bbox 1555 2766 1573 2799; x_wconf 88' lang='lat'>1</span> <span class='ocrx_word' id='word_1_329' title='bbox 1595 2764 1633 2796; x_wconf 86' lang='lat'>1.</span> <span class='ocrx_word' id='word_1_330' title='bbox 1662 2747 1924 2809; x_wconf 75' lang='lat' dir='ltr'><em>Acinippo,</em></span> 
     </span>
     <span class='ocr_line' id='line_1_35' title="bbox 360 2817 1929 2895; baseline -0.006 -19"><span class='ocrx_word' id='word_1_331' title='bbox 360 2824 634 2883; x_wconf 65' lang='grc' dir='ltr'>Ἀκενιππύό</span> <span class='ocrx_word' id='word_1_332' title='bbox 651 2824 944 2880; x_wconf 86' lang='lat' dir='ltr'>Ptolemaeo</span> <span class='ocrx_word' id='word_1_333' title='bbox 963 2868 977 2891; x_wconf 78' lang='lat'>,</span> <span class='ocrx_word' id='word_1_334' title='bbox 1006 2820 1094 2875; x_wconf 89' lang='lat' dir='ltr'>lib.</span> <span class='ocrx_word' id='word_1_335' title='bbox 1126 2842 1200 2875; x_wconf 89' lang='lat'>11.</span> <span class='ocrx_word' id='word_1_336' title='bbox 1233 2838 1347 2895; x_wconf 82' lang='lat' dir='ltr'><strong>cap.</strong></span> <span class='ocrx_word' id='word_1_337' title='bbox 1381 2839 1399 2874; x_wconf 90' lang='lat'>1</span> <span class='ocrx_word' id='word_1_338' title='bbox 1421 2838 1471 2874; x_wconf 79' lang='lat' dir='ltr'>v,</span> <span class='ocrx_word' id='word_1_339' title='bbox 1501 2821 1555 2871; x_wconf 88' lang='lat' dir='ltr'>in</span> <span class='ocrx_word' id='word_1_340' title='bbox 1579 2819 1781 2872; x_wconf 84' lang='lat' dir='ltr'>Baeticis</span> <span class='ocrx_word' id='word_1_341' title='bbox 1811 2817 1929 2871; x_wconf 81' lang='lat' dir='ltr'>Cel.</span> 
     </span>
     <span class='ocr_line' id='line_1_36' title="bbox 360 2898 1058 2973; baseline 0.001 -24"><span class='ocrx_word' id='word_1_342' title='bbox 360 2898 492 2969; x_wconf 81' lang='lat' dir='ltr'>¹ticiS.</span> <span class='ocrx_word' id='word_1_343' title='bbox 527 2904 694 2956; x_wconf 90' lang='lat' dir='ltr'>Nunc</span> <span class='ocrx_word' id='word_1_344' title='bbox 721 2898 846 2951; x_wconf 76' lang='lat' dir='ltr'>fitfis</span> <span class='ocrx_word' id='word_1_345' title='bbox 871 2899 1058 2973; x_wconf 85' lang='lat' dir='ltr'>ignoti.</span> 
     </span>
    </p>

    <p class='ocr_par' dir='ltr' id='par_1_8' title="bbox 208 2972 593 3031">
     <span class='ocr_line' id='line_1_37' title="bbox 208 2972 593 3031; baseline 0.005 -3"><span class='ocrx_word' id='word_1_346' title='bbox 208 2972 261 3028; x_wconf 86' lang='lat' dir='ltr'>A</span> <span class='ocrx_word' id='word_1_347' title='bbox 279 2972 326 3026; x_wconf 92' lang='lat' dir='ltr'>C</span> <span class='ocrx_word' id='word_1_348' title='bbox 340 2973 391 3025; x_wconf 93' lang='lat' dir='ltr'><strong>T</strong></span> <span class='ocrx_word' id='word_1_349' title='bbox 408 2977 494 3031; x_wconf 90' lang='lat' dir='ltr'>IV</span> <span class='ocrx_word' id='word_1_350' title='bbox 511 2976 593 3030; x_wconf 89' lang='lat' dir='ltr'>M.</span> 
     </span>
    </p>

    <p class='ocr_par' dir='ltr' id='par_1_9' title="bbox 281 3040 1929 3174">
     <span class='ocr_line' id='line_1_38' title="bbox 281 3040 1929 3174; baseline -0.008 -68"><span class='ocrx_word' id='word_1_351' title='bbox 281 3057 387 3108; x_wconf 77' lang='grc' dir='ltr'>ΑΚ</span> <span class='ocrx_word' id='word_1_352' title='bbox 404 3061 460 3108; x_wconf 88' lang='grc' dir='ltr'>Τ.</span> <span class='ocrx_word' id='word_1_353' title='bbox 503 3054 558 3106; x_wconf 85' lang='lat'>&amp;</span> <span class='ocrx_word' id='word_1_354' title='bbox 597 3060 793 3127; x_wconf 82' lang='lat' dir='ltr'>AKT1</span> <span class='ocrx_word' id='word_1_355' title='bbox 809 3059 859 3110; x_wconf 74' lang='grc' dir='ltr'>Ω</span> <span class='ocrx_word' id='word_1_356' title='bbox 877 3062 953 3121; x_wconf 82' lang='lat' dir='ltr'>N,</span> <span class='ocrx_word' id='word_1_357' title='bbox 985 3046 1128 3125; x_wconf 85' lang='lat' dir='ltr'>apud</span> <span class='ocrx_word' id='word_1_358' title='bbox 1147 3043 1429 3104; x_wconf 84' lang='lat' dir='ltr'>Goltzium</span> <span class='ocrx_word' id='word_1_359' title='bbox 1450 3086 1465 3113; x_wconf 85' lang='lat'>,</span> <span class='ocrx_word' id='word_1_360' title='bbox 1489 3044 1542 3097; x_wconf 89' lang='lat' dir='ltr'>in</span> <span class='ocrx_word' id='word_1_361' title='bbox 1564 3054 1742 3174; x_wconf 52' lang='lat' dir='ltr'>xxtere</span> <span class='ocrx_word' id='word_1_362' title='bbox 1775 3040 1929 3103; x_wconf 42' lang='lat' dir='ltr'>Grae..</span> 
     </span>
    </p>

    <p class='ocr_par' dir='ltr' id='par_1_10' title="bbox 1675 3133 1726 3187">
     <span class='ocr_line' id='line_1_39' title="bbox 1675 3133 1726 3187; baseline -0.098 -15"><span class='ocrx_word' id='word_1_363' title='bbox 1675 3133 1726 3187; x_wconf 76' lang='grc' dir='ltr'>ιι]</span> 
     </span>
    </p>
   </div>
  </div>
 </body>
</html>
