2228 3428
695 204 1416 265 ILLUSTRATI.
1832 234 1937 285 191·

237 327 243 338 ,.
352 278 636 333 Caracallae
663 297 723 331 ac
741 281 894 335 Getae
910 284 1111 355 capita,
1139 280 1260 334 Sole
1277 286 1411 334 inter
1427 297 1709 358 utrumque
1723 288 1922 358 medio,

348 370 379 406 a
399 373 505 426 quo
525 353 718 408 facium
747 358 950 428 oppido
975 358 1022 406 ei
1050 372 1263 408 nomen.
1292 357 1642 426 Heliopoliten
1665 364 1716 413 in
1744 366 1919 436 AEgy-

347 444 447 503 pto
467 448 666 482 nomon
701 430 895 484 Plinius
921 427 1113 495 habet,
1145 429 1232 482 lib.
1265 451 1311 485 v.
1338 432 1454 486 secl.
1486 453 1568 488 ix.
1594 438 1778 492 Hodie
1799 438 1922 496 Bel..

350 503 465 576 besa
491 546 506 567 ,
538 508 589 556 in
624 503 872 557 Caffifatu
900 502 984 553 seu
1020 503 1331 557 Praefecaeura
1360 508 1674 578 Manfhura.

196 581 418 637 HELI
442 580 771 634 OPOLIS
810 582 973 652 Syriae.

272 657 320 710 C
341 657 393 709 O
415 657 474 709 L.
518 657 573 708 H
596 657 636 708 E
655 655 713 705 L.
739 655 964 706 Nummi
983 651 1088 703 duo
1111 653 1322 722 Severi,
1343 658 1481 729 apud
1501 659 1740 711 Patinum
1757 704 1771 727 ,
1799 679 1917 734 pag.

346 736 444 786 281.
476 747 607 801 quos
656 727 743 778 ille
784 728 849 778 de
884 727 1091 778 colonia
1135 728 1334 783 Helvia
1377 747 1652 805 perperam
1693 727 1917 808 accipit:

346 823 464 855 cum
498 803 564 854 ad
592 800 927 874 Heliopolim
960 815 1184 873 uterque
1212 804 1441 876 spectet}
1473 823 1532 858 ut
1569 814 1622 862 &
1650 807 1784 861 alter
1813 813 1918 865 Ca.-

344 876 545 930 racallae
575 878 715 950 apud
735 877 957 928 eundem
988 919 1001 941 ,
1028 892 1144 949 pag.
1178 885 1297 949 298.
1331 886 1383 935 ὃ(
1411 882 1565 936 Getae
1587 927 1601 950 ,
1640 900 1763 958 pag.
1803 907 1917 956 317.

343 954 432 1025 qui
452 969 697 1004 nummus
730 956 784 1005 ὃ(
811 953 952 1025 apud
976 951 1278 1006 Tristanum
1303 956 1497 1025 exstat,
1535 973 1665 1013 tom.
1695 980 1715 1013 1
1733 982 1766 1015 1.
1796 979 1917 1035 pag.

341 1032 444 1081 261.
465 1027 613 1080 Idem
630 1043 762 1081 tom.
803 1048 821 1081 1
847 1048 866 1082 1
883 1068 896 1081 .
921 1044 1037 1100 pag.
1068 1048 1172 1100 105.
1201 1029 1473 1086 deductam
1496 1048 1645 1105 putat
1671 1053 1700 1086 a
1723 1038 1918 1090 Severo

339 1103 584 1177 Principe
613 1102 877 1154 coloniam
901 1104 953 1154 in
981 1101 1442 1177 Heliopolitanam
1474 1111 1700 1182 AEgypti
1730 1114 1916 1164 civita-

343 1192 477 1229 tem:
512 1195 573 1229 ac
596 1175 996 1251 suffragatorem
1025 1175 1223 1231 habere
1246 1180 1296 1232 se
1315 1180 1582 1236 sententiae
1617 1187 1714 1238 suae
1740 1186 1918 1260 Ulpia-

339 1269 464 1304 num
500 1251 783 1305 arbitratur
820 1295 832 1319 ‚
865 1253 1010 1324 cujus
1045 1252 1142 1305 alia
1166 1251 1328 1329 longe
1364 1274 1511 1310 mens
1555 1259 1643 1314 est.
1694 1263 1741 1314 Is
1775 1265 1915 1315 enim

340 1344 460 1379 cum
493 1326 949 1402 Heliopolitanam
989 1327 1251 1381 coloniam
1275 1374 1288 1398 ,
1321 1350 1424 1383 una
1454 1350 1572 1385 cum
1595 1336 1788 1407 Tyria,
1816 1338 1913 1389 Be-

339 1401 556 1475 rytenfi‚
579 1403 909 1470 Laodicena,
933 1406 987 1455 &
1004 1400 1237 1455 Emisena
1255 1404 1430 1458 laudat
1445 1451 1461 1477 ,
1491 1426 1669 1461 annon
1692 1410 1916 1483 ejusdem

341 1480 536 1529 tractus
569 1494 752 1529 omnes
785 1475 932 1528 fuiss'e
956 1476 1161 1547 liquido
1196 1481 1374 1550 prodit
1408 1499 1421 1535 ,2
1458 1500 1519 1533 ac
1568 1482 1719 1556 loqui
1759 1481 1809 1539 se
1844 1488 1912 1538 de

340 1551 749 1623 Heliopolitana
772 1552 929 1624 Syriae
956 1551 1137 1604 Coeles
1155 1597 1169 1621 ,
1206 1552 1292 1605 seu
1321 1554 1508 1608 Libani
1533 1557 1824 1630 appellata,
1849 1563 1916 1614 de

339 1642 443 1696 qua
471 1628 694 1693 Plinius,
720 1625 807 1678 lib.
839 1643 887 1679 v,
918 1623 1030 1679 sest.
1064 1645 1270 1682 xv111.
1299 1629 1558 1684 Sciendum
1583 1635 1670 1703 cst,
1709 1637 1914 1708 inquit,

334 1699 424 1755 lib.
449 1722 499 1757 L.
533 1703 662 1774 Dig.
692 1701 756 1752 de
791 1700 1047 1754 Cenfibus
1068 1745 1082 1769 ‚
1114 1701 1233 1776 lege
1261 1724 1297 1757 1.
1318 1706 1401 1778 ‘ff’
1422 1707 1672 1780 quasdam
1704 1708 1914 1765 colonias

320 1778 451 1845 jurio
480 1776 659 1831 Italici
686 1799 700 1827 .·
728 1790 785 1828 ut
809 1778 870 1850 εζῖ
891 1783 941 1827 in
969 1782 1115 1851 Syria
1145 1775 1376 1834 Phoenice
1388 1781 1776 1853 splendidiſjima
1806 1795 1915 1860 Ty-

335 1856 513 1904 riorum
539 1852 753 1914 colonia,
772 1850 897 1904 unde
923 1851 1046 1905 mihi
1065 1859 1195 1932 origo
1222 1858 1308 1924 est.
1324 1900 1335 1911 .
1355 1899 1368 1913 ,
1394 1901 1405 1913 ,
1435 1858 1537 1914 Sed
1562 1858 1624 1922 &-
1643 1862 1916 1938 Berytenffic

335 1924 522 1981 colonia
554 1934 608 1979 in
636 1927 808 1979 eadem
829 1933 1090 1996 provincia
1107 1971 1244 1985 .....
1286 1935 1368 2002 Est
1398 1932 1459 1996 ἄν
1487 1934 1912 2008 Heliopolitana,

336 2020 446 2073 quae
474 2021 509 2055 a
532 2008 678 2056 Divo
707 2008 882 2056 Severo
890 2015 984 2069 per
998 2004 1110 2056 beai·
1135 2004 1293 2059 civilis
1311 2009 1595 2083 occasionem
1617 2013 1816 2067 ltalicae
1842 2032 1914 2067 co-

337 2074 482 2128 loniae
510 2075 856 2146 rempublicam
888 2085 1093 2147 accepit.
1131 2082 1214 2150 Est
1239 2078 1301 2143 ἄν
1328 2084 1623 2136 Laodicena
1653 2087 1844 2140 colonia
1860 2097 1912 2142 in

336 2158 486 2226 ¹§syria
532 2152 690 2215 Ocelo,
722 2159 799 2205 cui
825 2157 1005 2206 Divus
1042 2159 1254 2208 Severus-
1275 2159 1365 2224 jus
1403 2158 1646 2212 Italicum
1676 2163 1906 2222 conceffi't.

335 2226 710 2302 I’tolemenstum
732 2235 855 2280 enim
880 2228 1176 2284 colonia.
1224 2234 1323 2285 Sed
1343 2232 1404 2295 (3-
1435 2235 1671 2309 Emifl‘nae
1702 2244 1913 2292 civitati

333 2299 587 2357 Phoenices
619 2307 722 2355 &o
756 2303 863 2355 Ubi
889 2320 1044 2353 nemo
1065 2322 1175 2354 non
1202 2305 1350 2358 videt
1381 2325 1463 2359 eas
1499 2310 1664 2362 modo
1693 2314 1760 2365 ab
1796 2317 1906 2388 ipso

333 2376 569 2430 colonias
593 2376 875 2444 recenseri,
909 2395 1025 2449 quae
1053 2381 1103 2429 in
1121 2380 1298 2452 patriae
1318 2379 1413 2435 suae
1443 2384 1576 2457 Tyri
1590 2402 1759 2458 prope
1777 2407 1907 2442 con-

331 2450 459 2504 finio
477 2451 660 2527 pofitae
683 2448 863 2506 essent.
895 2456 1073 2531 Qare
1103 2453 1172 2506 ad
1195 2470 1307 2507 eam
1327 2455 1556 2533 spectant
1575 2464 1628 2515 ὅ(
1650 2462 1736 2514 alii
1754 2481 1907 2518 num,

294 2531 297 2534 ’
331 2529 439 2594 mi,
466 2545 602 2600 quos
632 2527 805 2580 statim
835 2527 1113 2581 indicaturi
1149 2529 1338 2586 sumus,
1453 2570 1455 2576 -

259 2600 309 2657 C
328 2603 456 2658 OL,
500 2605 559 2657 H
576 2605 616 2657 E
634 2606 694 2660 L.
727 2602 936 2659 Colonia
964 2603 1266 2675 Heliopolizr.
1304 2610 1570 2663 Nummus
1596 2614 1907 2686 Pertinacis,

327 2676 473 2750 apud
496 2678 725 2734 Tristan.
750 2696 907 2752 quem
935 2678 1012 2732 illi
1031 2679 1097 2735 de
1113 2682 1322 2735 colonia
1346 2688 1540 2760 pariter
1563 2688 1763 2745 Helvia
1785 2708 1905 2767 per-

329 2767 505 2823 peram
528 2757 737 2826 accipit.

253 2825 306 2880 C
324 2827 458 2955 ffiL.
500 2831 561 2884 H
584 2831 623 2884 E
640 2830 741 2883 LI.
776 2829 893 2884 AV
915 2833 986 2889 G.
1052 2829 1276 2885 Colonia·
1304 2834 1596 2908 Heliopolis·
1636 2844 1866 2920 Augusta
1884 2890 1903 2915 ‚

398 2920 572 2958 acrini.

251 2976 829 3037 HELIOPOLIS
874 2979 1070 3038 COL.
1100 2975 1355 3061 'Philippi
1390 2987 1556 3043 Patris
1587 3031 1603 3057 ,
1638 3005 1669 3044 e
1706 2991 1901 3048 Museo

328 3051 526 3110 nosti-0.
