2228 3428
2016 89 2033 117 l

294 205 403 270 284
746 195 1657 274 NUMMIANTIQUI

433 267 669 338 occidc‘ffi’t
687 274 958 322 Perennem
977 310 991 332 ,
1015 273 1290 340 appeffatus
1329 273 1389 340 est
1414 279 1460 324 F
1479 281 1521 323 E
1540 272 1586 324 Z
1604 277 1740 326 IX.
1781 274 1841 327 In
1876 272 2010 348 lapi-¹

431 342 582 395 dibus
603 358 778 395 tamen
803 346 1012 397 vetustis
1039 349 1119 401 M.
1162 344 1403 403 Aurelius
1449 347 1486 399 P
1506 348 1528 398 Ι
1549 349 1597 400 V
1625 349 1654 399 S
1700 349 1736 399 F
1764 350 1802 401 E
1827 350 1872 403 L
1902 353 1922 403 Ι
1946 352 2001 407 X

425 417 744 484 inscribitur,
769 434 828 471 ut
851 422 1075 472 vidimus
1107 426 1159 473 in
1184 423 1409 473 nummis
1434 434 1470 478 E
1487 431 1534 476 Δ
1553 431 1587 476 E
1607 430 1650 480 Σ
1667 430 1709 479 Σ
1728 435 1805 478 ΑΙ
1830 436 1958 482 ΩΝ.

355 503 874 552 ΛΑΟΔΙΚΕΩΝ.
914 509 1393 555 ΝΕΩΚΟΡΩΝ.
1434 508 1751 553 ΔΟΓΜΑΤΙ
1794 511 1832 555 C
1858 512 1995 558 TN·

423 580 467 626 K
486 580 530 626 A
545 582 593 626 H
612 582 652 625 T
666 584 712 628 O
728 581 787 625 Υ.
816 571 1186 646 Laodicenstum
1217 581 1547 628 Neocororum
1569 612 1584 633 ,
1607 573 1999 647 Senatuftonsul.

423 659 488 700 to,
535 644 822 698 Caracallae
861 665 1099 700 nummus
1128 693 1142 715 ,
1172 647 1314 722 apud
1348 647 1677 712 Tristanum,
1722 661 1849 701 tom.
1899 672 1920 703 1
1947 672 1995 704 1.

430 739 548 796 pag.
577 728 674 792 185.
706 723 757 772 in
782 739 890 792 quo
915 723 1157 795 juppiter
1178 723 1307 790 stat,
1332 722 1438 792 ejus
1454 723 1672 772 civitatis
1701 720 1885 774 Praeses
1902 767 1916 789 ,
1937 738 2000 776 ut

428 795 666 850 diximus,
693 799 828 850 Non
861 796 966 848 sine
999 795 1447 850 Senatusconsulto
1480 799 1856 851 Neocororum
1874 796 1999 849 fun-

428 874 480 944 gi
502 888 716 924 munere
735 872 1002 922 civitatem
1033 869 1189 923 ullam
1211 869 1433 944 potuisse
1459 872 1726 923 docuimus
1758 886 1912 923 antea
1941 875 1997 924 in

431 948 654 997 nummis
692 957 785 1002 AB
804 959 850 1003 O
865 957 910 1001 A
928 955 974 1002 A
992 960 1035 1002 A
1055 959 1077 1002 I
1095 959 1144 1004 Ω
1163 958 1224 1004 N.
1250 949 1416 1000 Hunc
1446 963 1715 997 nummum
1749 944 1815 996 a'd
1849 946 2000 999 Cari..

430 1037 544 1072 cam
592 1021 908 1074 Laodiceam
935 1023 1051 1092 jure
1093 1040 1210 1073 cum
1244 1023 1434 1076 Erizzo
1479 1019 1806 1073 referendum
1844 1035 2001 1094 puta..

430 1114 576 1162 mm,
617 1099 973 1167 nequicquam
1007 1096 1303 1168 refragante
1337 1093 1603 1149 TristanO.
1663 1095 1750 1146 Est
1784 1100 1835 1146 ὃ(
1869 1096 2000 1148 alter

428 1170 655 1241 ejusdem
703 1170 985 1227 Caracallae
1028 1173 1101 1221 ita
1135 1169 1406 1245 inscriptus
1429 1214 1442 1237 ,
1491 1179 1537 1225 A
1557 1183 1599 1225 A
1616 1183 1662 1227 Ο
1680 1181 1746 1225 Δ.
1797 1179 1846 1224 Π
1867 1183 1901 1225 Ρ
1922 1182 2001 1228 Ω-

430 1257 471 1300 Τ
488 1259 537 1305 Ω
555 1260 612 1303 Ν.
658 1258 712 1303 Γ.
746 1261 790 1303 Ν
809 1260 846 1303 E
867 1258 916 1303 Ω
936 1259 1037 1305 ΚΟ
1052 1259 1086 1301 Ρ
1109 1257 1157 1302 Ω
1176 1260 1236 1303 N.
1297 1245 1664 1318 Laodicenſsum
1687 1286 1700 1306 ‚
1728 1252 1818 1315 qui
1842 1251 1996 1312 primi

429 1335 507 1372 ter
540 1329 760 1375 Neocorz‘
778 1318 921 1385 fuere
949 1346 962 1372 .·
995 1322 1099 1372 hoc
1126 1321 1231 1388 est,
1262 1325 1352 1392 qui
1385 1320 1666 1373 Caracallae
1704 1322 1999 1392 principatu

431 1399 662 1448 omnium
699 1398 846 1469 primi
869 1440 882 1464 ,
912 1414 974 1448 ex
1012 1395 1141 1448 Afiae
1166 1398 1437 1448 civitatum
1463 1394 1650 1446 incolis
1669 1438 1683 1461 ,
1708 1399 1758 1446 in
1785 1393 1997 1446 Caesaris

429 1475 646 1543 gratiam
677 1470 827 1522 ludos
856 1472 940 1522 edi
978 1473 1188 1522 tertium
1212 1513 1226 1536 ,
1261 1475 1314 1524 &
1343 1470 1481 1521 sacra
1519 1467 1630 1522 fieri
1669 1486 1999 1537 curaverunt,

428 1563 491 1597 ex
526 1544 982 1599 Senatusconsulto
1015 1542 1239 1610 scilicet,
1266 1560 1323 1596 ut
1355 1547 1776 1617 praemonuimus.
1838 1545 2000 1596 Sedet

430 1622 728 1693 Imperator
752 1622 802 1670 in
823 1637 961 1692 equo
979 1664 992 1687 ,
1018 1618 1183 1671 milite
1202 1617 1539 1692 subsequente
1557 1662 1572 1686 ,
1590 1618 1812 1672 Palladis
1831 1634 1996 1670 arma-

431 1710 493 1747 tae
521 1695 693 1767 effigie
725 1692 981 1746 columnae
1013 1694 1273 1768 imposita.

348 1781 521 1830 AAO
542 1781 802 1827 ΔΙΚΕΩ
823 1783 883 1826 N.
923 1771 1000 1822 Ex
1032 1784 1180 1843 parte
1213 1766 1417 1835 aversa,
1451 1779 1563 1825 ΔΗ
1583 1781 1702 1826 ΜΟ
1723 1781 1761 1826 C
1782 1813 1796 1837 ,
1825 1777 1998 1840 Popu-

429 1846 502 1897 lus
531 1847 863 1899 Laodicenus
891 1843 1084 1897 scilicet
1106 1887 1120 1910 ,
1164 1843 1250 1895 vel
1296 1846 1570 1896 Romanus
1604 1847 1782 1917 potius
1800 1889 1813 1913 ,
1840 1865 1999 1917 quem

428 1939 645 1973 nummo
666 1920 737 1971 illi
767 1917 890 1972 cuso
921 1919 1115 1971 colunt.
1141 1920 1212 1972 Ut
1240 1917 1378 1971 hunc
1408 1936 1531 1969 vero
1556 1937 1824 1971 nummum
1859 1923 2000 1975 Lao-

428 1995 716 2048 dicenfibus
742 1996 907 2048 Cariae
939 1992 1308 2059 adscribamus,
1331 1993 1583 2046 admonet
1614 1991 1879 2068 inscriptio
1906 2014 1998 2049 ve-

370 2064 376 2070 ’
429 2084 509 2121 tus
529 2115 542 2139 ‚
567 2069 725 2122 allata
744 2087 772 2120 a
798 2070 994 2142 Sponio
1018 2070 1069 2119 in
1095 2070 1214 2121 ltin.
1243 2066 1438 2121 Athen.
1459 2085 1575 2141 pag.
1608 2089 1711 2141 145.
1733 2087 1835 2141 qua
1855 2071 1904 2123 se
1923 2068 1998 2122 illi

427 2145 635 2217 Populo
660 2148 906 2198 Romano
931 2143 1165 2196 addictos
1188 2188 1202 2211 ,
1223 2143 1650 2216 mancipatosque
1669 2143 1997 2216 profitentur.

468 2222 809 2276 PonLvs
868 2221 1386 2274 LAODICENsls
1432 2237 1471 2272 A
1517 2239 1559 2273 Ρ.
1604 2238 1804 2274 LYco

559 2313 901 2350 POPVLVM
944 2297 1344 2349 ROMANVM
1384 2313 1505 2366 (ΠΙ
1546 2312 1692 2347 SIBI

584 2386 1074 2423 sALvT1Fv1T
1116 2368 1471 2422 BENEricl
1506 2385 1695 2421 ERGO
1759 2366 1763 2369 ’

415 2462 588 2522 QVAE
629 2442 800 2511 (forte
835 2449 1207 2516 Qo)s1131
1246 2459 1574 2496 BENIGNE
1611 2461 1841 2498 FECIT„

504 2532 551 2577 O
592 2525 902 2577 AHMOE
947 2530 992 2574 O
1035 2526 1548 2573 ΛΑΟΔΙΚΕΩΝ
1589 2527 1772 2574 ΤΩΝ

503 2605 552 2653 Π
577 2601 742 2652 ΡΟΣ
790 2602 949 2649 ΛΥΚ
974 2603 1051 2649 Ωι
1088 2605 1251 2649 ToN
1296 2591 1598 2648 AHMoN
1630 2603 1771 2649 ToN

682 2680 1090 2726 ΡΩΜΑΙΩΝ
1145 2678 1594 2724 ΓΕΓΟΝΟΤΑ

607 2754 652 2806 Σ
673 2757 949 2803 ΩΤΗΡΑ
987 2755 1127 2799 ΚΑΙ
1168 2754 1661 2800 ΕΥΕΡΓΕΤΗΝ.

353 2835 400 2882 Λ
421 2838 462 2880 Α
478 2836 524 2881 O
544 2833 592 2879 Δ
608 2835 629 2878 I
649 2834 742 2879 ΚΕ
763 2833 813 2878 Ω
829 2835 889 2878 N.
948 2818 1234 2890 AEsculapii
1273 2816 1468 2890 effigies
1492 2842 1501 2870 :
1542 2820 1594 2867 in
1623 2829 1773 2889 parte
1800 2813 1960 2868 altera
1977 2860 1994 2883 ,

425 2902 665 2950 turritum
695 2911 853 2970 caput
871 2938 887 2963 ‚
914 2903 959 2950 A
977 2908 1020 2950 A
1034 2906 1080 2950 O
1098 2904 1146 2949 Δ
1163 2907 1183 2950 Ι
1201 2906 1242 2950 Κ
1259 2906 1296 2950 Ε
1316 2904 1337 2947 I
1357 2908 1416 2948 A.

351 2986 449 3030 AT
464 2985 504 3029 T
520 2988 564 3029 A
583 2983 628 3029 A
646 2986 692 3030 O
710 2983 748 3028 C
765 3013 927 3025 ......
972 2981 1172 3026 CMYP.
1208 2980 1369 3025 AAO.
1398 2969 1531 3023 Vide
1560 2975 1992 3027 ΣΜΥΡΝΑΙΩΝ.

353 3058 397 3109 Σ
419 3053 1409 3107 A.ErTTXOTE.APXx1E.r1.
1460 3053 1655 3100 ΠΟΛ.
1691 3039 1994 3113 Σαμίουςιιε
