2228 3428
642 228 667 281 Ῐ
695 228 739 282 L
766 228 811 281 L
835 228 886 282 U
917 226 949 281 S
981 226 1032 280 T
1065 227 1115 281 R
1146 226 1195 279 A
1225 224 1276 279 T
1307 226 1352 281 Ῐ.
1794 243 1809 276 1

202 305 260 360 P.
298 303 377 357 M.
414 304 460 356 S.
502 303 695 360 COL.
742 305 932 358 VIM.
977 304 1113 356 AN.
1162 304 1335 356 XVI.
1370 297 1678 366 Valeriani,
1716 242 1856 373 ari-ud

279 376 690 431 Mediobarbum
714 424 727 445 ,
763 397 877 449 pr'eg.
902 384 1008 446 368.

200 455 257 509 P.
300 454 380 507 M.
427 455 472 505 S.
515 455 687 507 COL.
725 455 881 504 VIM.
931 453 1072 506 AN.
1112 453 1233 504 III.
1277 451 1404 503 AN.
1448 447 1746 504 HILAN.
1784 451 1854 502 V.

280 532 503 584 Nummi
528 543 783 599 quatuor,
806 526 1053 598 Philippo
1074 523 1247 577 Arabe
1263 526 1397 596 Imp.
1420 525 1524 575 cufi
1542 570 1554 590 ‚
1582 517 1719 597 apud
1738 526 1858 576 Me-
1926 538 1937 551 ²

277 602 590 654 diobarbum
612 646 625 668 ,
656 621 772 675 pag.
817 622 950 669 347.
995 602 1184 666 quibus
1217 600 1443 650 Colonia
1469 602 1821 652 Viminacium
1842 642 1856 665 ‚

278 696 387 729 non
407 679 512 748 jam
542 696 653 728 aerae
680 677 803 740 suae,
831 676 934 726 hoc
962 673 1035 725 est
1056 721 1069 740 ,
1101 691 1129 724 a
1162 672 1382 725 dedu&a
1411 675 1546 745 apud
1570 672 1615 723 se
1647 674 1858 724 colonia

277 752 499 803 militum
537 755 898 804 Romanorum
938 793 951 815 ,
1005 748 1089 800 sed
1138 749 1365 820 Philippi
1408 746 1626 819 Augusti
1660 765 1856 813 annos,

275 824 372 878 suis
393 829 615 877 nummis
648 823 919 897 inscupfit:
945 824 1090 894 quod
1117 822 1317 876 Moesia:
1343 821 1429 872 ille
1460 821 1653 873 scilicet
1681 824 1734 872 in
1755 824 1858 892 pri-

276 905 371 952 mis
388 902 586 952 faveret
604 943 617 966 ‚
648 904 728 951 cui
750 901 1028 972 provinciae
1050 901 1382 951 Severianum
1415 913 1664 969 generum
1691 895 1855 962 suum,

275 976 491 1029 Zosimo
513 977 640 1028 teste
658 1020 671 1041 ,
707 973 957 1048 praefecit.
982 975 1118 1027 Haec
1135 971 1382 1024 adulandi
1401 973 1630 1044 Principi
1655 973 1783 1022 ratio
1804 977 1858 1024 δε

278 1050 425 1102 causa
449 1049 547 1102 fuit
569 1095 581 1117 ,
608 1051 785 1122 quoad
811 1052 1084 1123 imperium
1119 1052 1312 1101 tenuit:
1337 1062 1518 1120 coepto
1546 1049 1681 1097 euim
1713 1063 1854 1098 anno

275 1123 422 1177 sexto
443 1125 573 1176 obiit
609 1129 664 1178 ln
685 1128 906 1177 nummis
941 1122 1182 1177 Otaciliae
1203 1168 1216 1189 ,
1249 1142 1363 1194 quae
1389 1121 1621 1194 Philippi
1648 1121 1858 1191 conjux,

277 1199 474 1251 servata
504 1201 722 1252 coloniae
741 1219 839 1253 aera
862 1199 935 1252 est
954 1243 965 1265 ,
989 1197 1341 1271 deincepsque
1365 1195 1644 1249 subsecutis
1681 1199 1860 1268 Impe-

277 1272 538 1326 ratoribus
566 1278 701 1328 tedia
723 1293 979 1328 annorum
1009 1273 1156 1326 series
1184 1291 1276 1347 per
1307 1271 1604 1325 sexennium
1633 1271 1860 1323 custodi-

278 1360 355 1414 ta,
379 1365 438 1400 ut
470 1350 697 1423 superius
725 1351 961 1406 vidimus,
1023 1352 1189 1422 Qod
1227 1348 1425 1401 exstare
1456 1351 1605 1399 a'i'unt
1629 1345 1859 1419 Philippi

277 1441 495 1496 quoque
518 1426 669 1498 ipsius
697 1444 967 1478 nummum
994 1427 1293 1498 inscriptum
1314 1467 1328 1488 ,
1364 1425 1409 1475 A
1430 1425 1504 1476 N.
1540 1425 1626 1477 VI
1649 1425 1688 1475 Ι.
1713 1439 1859 1473 erro-

276 1515 382 1549 rem
417 1499 518 1552 effe
542 1504 827 1572 legentium
867 1516 1132 1574 putamus:
1163 1514 1254 1549 aut
1290 1499 1356 1550 ad
1392 1515 1544 1549 aeram
1582 1496 1858 1564 Coloniae,

274 1589 578 1645 annumque
613 1576 842 1647 Philippi
871 1577 1080 1626 tertium
1099 1617 1112 1636 ,
1142 1574 1377 1623 revocari
1404 1587 1670 1644 oportere.

124 1648 645 1702 VINDELICI.
695 1650 835 1701 Vide
877 1648 1267 1712 RAETIA,
1304 1651 1356 1698 &
1399 1647 1649 1701 AVGV
1679 1650 1708 1700 S
1735 1647 1854 1700 TA

269 1724 1033 1779 VINDELICORVM.

123 1799 175 1853 V
192 1799 215 1851 Ι
233 1799 263 1851 S
282 1799 335 1851 O
356 1801 414 1853 N
432 1802 483 1852 T
501 1802 520 1852 Ι
541 1803 583 1853 V
609 1801 691 1854 M.
725 1801 849 1855 MV
867 1802 945 1855 N.
991 1794 1179 1852 Galbae
1208 1840 1222 1865 ,
1247 1813 1274 1849 e
1304 1796 1573 1850 Thesauro
1615 1797 1854 1866 Goltzii,

312 1892 391 1945 ag.
422 1902 440 1930 2
531 1920 546 1930 γ.

196 1948 258 2002 Μ
275 1891 325 2002 IV
345 1953 422 2004 N.
447 1898 554 2005 ‘Vl-I
573 1953 601 2004 S
623 1953 675 2004 O
697 1954 754 2005 N
772 1953 822 2003 T
841 1953 927 2003 IV
947 1950 1004 2002 M
1027 1991 1041 2014 ,
1059 1951 1111 2000 in
1138 1947 1321 2001 laurea.
1349 1946 1567 2021 Augusti
1590 1964 1853 2015 nummus,

273 2041 302 2075 e
326 2026 555 2077 Cimelio
586 2029 774 2099 Regio.
804 2026 1128 2091 Ptolemaeo,
1158 2022 1248 2076 hb.
1286 2045 1301 2077 1
1331 2043 1373 2076 1.
1402 2040 1514 2094 cap.
1543 2042 1626 2075 VI.
1659 2022 1852 2095 Hispa..

273 2101 370 2151 niae
388 2101 797 2153 Tarraconensis
820 2099 1076 2174 oppidum
1096 2099 1170 2150 est
1197 2102 1248 2149 in
1277 2097 1665 2152 Pelendonibus
1682 2143 1694 2164 ,
1719 2102 1856 2155 0'02‘2

271 2175 453 2234 π’ντιον.
486 2179 614 2230 Huc
648 2180 822 2250 potius
850 2174 1029 2228 referri
1065 2174 1160 2226 hos
1180 2191 1424 2224 nummos
1447 2189 1615 2223 remur
1638 2190 1853 2246 oporte-

271 2269 356 2317 re,
387 2269 545 2325 quam
571 2254 636 2303 ad
666 2255 1028 2322 Sequanorum
1048 2293 1063 2317 ,
1099 2251 1478 2303 Pannonumve
1495 2290 1510 2313 ,
1533 2246 1842 2306 Visontium.

119 2328 393 2384 VLPIA
425 2329 875 2382 TRAIANA.

191 2406 243 2459 C
266 2406 319 2458 O
344 2403 401 2457 L.
435 2404 633 2456 AVG.
671 2404 831 2456 VLP
853 2402 940 2454 ΙΑ
974 2401 1430 2457 TRAIANA.
1455 2398 1670 2471 Trajani
1697 2417 1850 2452 num-

271 2496 386 2530 mus
407 2524 422 2547 ‚
451 2495 479 2529 e
508 2477 775 2531 Thesauro
803 2475 1045 2544 Goltzii5
1076 2496 1192 2550 pag.
1230 2485 1328 2546 238.
1362 2477 1480 2528 Fuit
1506 2491 1566 2527 ea
1593 2477 1775 2526 civitas
1797 2478 1850 2530 in

273 2558 447 2609 Dacia
487 2557 703 2625 antiqua
746 2569 886 2603 trans
922 2552 1229 2606 Danubium
1252 2596 1265 2617 ‚
1299 2550 1678 2624 Ζωρμαγέῇυυσοι
1699 2552 1850 2614 βασί-

274 2646 387 2687 λειον
413 2673 427 2695 ,
456 2634 619 2700 Regia
647 2625 1061 2701 Zarmigethustt,
1089 2628 1223 2678 diem
1251 2629 1541 2679 Ptolemaeo
1561 2671 1574 2693 ,
1605 2625 1695 2680 lib.
1730 2649 1749 2680 1
1767 2648 1785 2680 1
1807 2652 1846 2684 1.

276 2723 389 2777 cap.
421 2723 482 2755 vi
506 2723 578 2757 11.
630 2703 844 2755 Deinde
892 2700 1122 2755 Colonia
1155 2703 1310 2773 Ulpia
1346 2701 1574 2771 Trajana
1617 2700 1849 2773 Augusta,

271 2780 475 2833 Dacica
507 2776 917 2849 Sarmizegetusa
946 2818 959 2839 ,
1002 2791 1031 2824 a
1062 2776 1296 2846 Trajano
1331 2776 1630 2829 conditore.
1678 2779 1848 2830 Vetus

270 2850 540 2927 inscriptio
560 2894 575 2918 ,
611 2851 751 2924 apud
785 2851 1072 2903 Gruterum
1093 2893 1107 2914 ‚
1140 2867 1257 2924 pag.
1285 2868 1316 2901 v
1337 2872 1373 2906 i.
1403 2870 1443 2919 3.

521 3002 954 3056 ROMVLO.
1019 2999 1454 3052 PARENTI.

463 3079 774 3133 MARTI
835 3076 1288 3132 AVXILlAT
1312 3075 1494 3128 ORI.

1384 3151 1436 3203 T
1452 3151 1502 3203 T
1522 3162 1543 3201 t
1572 3151 1622 3221 iij
