2228 3428
708 224 1401 282 ILLUSTRATI.
1734 247 1912 297 χ439

337 296 561 352 santhini
591 304 886 353 certaminis
914 304 1068 353 etiam
1107 303 1399 358 Martianus
1432 303 1455 356 Ι
1480 302 1544 359 C.
1576 303 1637 357 L.
1669 325 1760 374 24.
1789 305 1918 375 Dig,

339 373 406 425 de
424 375 608 425 annuis
627 373 825 448 legatis,
852 378 985 428 Etin
1010 378 1194 431 Oxon.
1219 393 1477 428 marmore
1495 421 1509 445 ,
1536 395 1654 451 pag.
1675 401 1748 450 71.
1778 377 1914 448 Σαίρ-

338 455 425 506 ἓεις
450 450 770 521 Χρυσυίγθιγομ.
814 452 1072 520 Denique
1112 450 1250 521 apud
1292 450 1576 503 Gruterum
1610 496 1623 519 ,
1657 456 1708 505 in
1741 467 1914 510 vetere

336 524 709 598 inscriptione,
748 542 865 598 pag.
898 540 1164 577 cccxiv.
1207 525 1345 574 inter
1388 527 1530 591 varia
1571 531 1913 578 certaminum

337 616 531 673 genera
573 597 850 653 censentur
876 643 889 665 ,
928 607 973 653 x
991 608 1136 654 Prc
1159 611 1197 653 A
1218 608 1319 655 No
1337 609 1357 652 1
1378 611 1497 655 NA.
1555 613 1592 657 E
1615 614 1676 657 N.
1733 615 1829 659 CA
1850 616 1911 657 p-

337 686 388 731 Δ
407 687 439 730 Ε
460 686 498 731 C
517 688 539 730 I
559 688 619 731 N.
652 673 953 747 Epigraphe
975 673 1172 742 reliqua
1198 672 1345 743 hujus
1371 677 1592 725 nummi:
1618 688 1655 731 Ε
1674 686 1717 730 Π
1736 688 1774 732 Ῑ,
1808 688 1912 732 ΑΥ,

335 760 492 808 ΡΟΥ
514 766 550 810 Φ
567 759 688 807 ΟΥ.
712 800 715 802 ,
739 762 780 804 A
801 762 836 805 P
856 759 918 804 X.
957 762 1017 804 A.
1053 747 1173 802 Ἐπὶ
1212 749 1459 819 Ἀυρηλῖου
1498 751 1685 818 P‘ov'spw
1721 753 1914 829 ’Appet-

336 824 445 896 ρέως
475 825 529 878 σι’.
554 822 652 878 Sub
679 823 884 880 Aurelio
914 822 1050 888 ,Rufo
1084 821 1325 887 Pontifice
1349 831 1529 890 primo,

261 910 788 959 CAPAIANQN.
831 910 1323 958 NEQKOPQN.
1358 909 1518 956 EHI.
1563 910 1692 958 ΔΗ.
1729 911 1909 958 ΡΟΥ·

335 986 513 1036 ΦΟΥΣ
555 988 728 1034 ΑΡΧ.
766 991 827 1031 A.
864 989 969 1034 TO.
1007 987 1058 1030 B.
1088 974 1211 1030 'Em‘
1232 977 1691 1043 ΔκμῆσξίουῬοόφου
1717 980 1909 1054 Ἀρχιε-

330 1053 434 1125 ρέως
458 1052 638 1116 πρώτου
668 1052 722 1109 qv*
750 1052 816 1116 β’.
855 1051 955 1106 Sub
997 1056 1257 1105 Demetrio
1289 1051 1427 1114 Rufo
1463 1052 1700 1121 Pontzfi'ce
1737 1061 1911 1108 Primo

332 1136 519 1182 iterum.
566 1127 850 1179 Caracallae
878 1144 1119 1178 nummus
1152 1143 1181 1177 e
1208 1126 1434 1179 Cimelio
1472 1130 1645 1199 Regio
1668 1172 1682 1193 ‚
1715 1130 1764 1178 in
1799 1147 1909 1200 quo

328 1220 457 1255 urna.
488 1220 604 1254 cum
637 1201 809 1275 palma
830 1246 844 1267 ,
874 1206 926 1254 &
956 1201 1240 1276 epigraphe
1268 1212 1314 1258 X
1332 1215 1367 1258 P
1384 1212 1426 1257 Υ
1446 1215 1484 1259 C
1502 1216 1544 1258 A
1562 1216 1607 1260 N
1622 1213 1666 1258 Θ
1681 1215 1703 1259 Ι
1718 1217 1764 1260 Ν
1782 1216 1840 1258 Α.
1869 1203 1908 1255 Ε

326 1277 533 1330 summis
557 1274 928 1342 sacerdotibus,
948 1278 1037 1348 qui
1052 1276 1203 1327 sacris
1220 1278 1583 1329 communibus
1607 1283 1763 1329 totius
1782 1280 1912 1331 Pro-

327 1355 507 1406 vinciae
537 1349 832 1425 praeessent,
858 1368 922 1403 ex
951 1353 1178 1402 nummis
1205 1350 1541 1424 intelligimus
1573 1371 1729 1405 unum
1763 1348 1910 1405 fuisse

331 1442 624 1485 ceterorum
655 1426 817 1479 veluti
843 1429 1152 1498 Principem.
1196 1427 1255 1478 In
1288 1426 1452 1476 altero
1482 1426 1713 1496 ejusdem
1751 1429 1910 1481 Cara-

330 1500 473 1553 callae
498 1518 715 1552 nummo
739 1499 876 1552 idem
898 1500 1067 1554 Rufus
1092 1500 1298 1550 tertium
1329 1500 1572 1554 Pontifex
1605 1504 1797 1573 primus
1817 1522 1909 1576 ap..

328 1574 590 1646 pellatur,
614 1585 723 1631 ΕΠ.
768 1586 884 1631 ΑΥ.
925 1584 1270 1634 ΡΟΥΦΟΥ.
1313 1586 1461 1630 APX.
1502 1589 1559 1630 A.
1593 1587 1682 1634 To
1730 1590 1784 1634 Γ.
1811 1577 1907 1630 Af.

327 1647 435 1706 fert
463 1648 602 1700 hunc
633 1665 902 1700 nummum
933 1651 1155 1718 Sponius
1182 1651 1232 1698 in
1255 1650 1426 1702 Itiner.
1457 1650 1651 1704 Athen.
1686 1651 1786 1705 Sed
1810 1671 1907 1724 pro

325 1733 434 1781 ΕΠ.
470 1734 574 1780 ΛΥ.
605 1721 707 1797 legi
727 1722 921 1795 ubique
938 1734 1046 1780 ΕΠ,
1065 1735 1180 1783 ΔΗ.
1207 1722 1400 1780 malim,
1418 1724 1554 1776 Vide
1573 1721 1717 1797 supra
1737 1739 1906 1786 ΜΑΓ,

328 1812 437 1858 NH
453 1812 493 1855 T
513 1811 563 1858 Ω
582 1811 643 1855 Ν.
693 1802 775 1854 Sic
803 1801 854 1849 in
877 1816 1091 1851 nummo
1120 1808 1162 1856 Σ
1179 1812 1221 1858 A
1240 1810 1316 1855 IT
1332 1811 1436 1856 TH
1457 1813 1500 1855 N
1523 1813 1573 1858 Ω
1591 1815 1637 1859 N
1668 1801 1905 1874 almique,

331 1888 424 1934 ΑΡ
442 1886 505 1931 X.
548 1887 608 1929 A.
647 1885 689 1928 T
708 1888 770 1932 O.
811 1885 868 1933 Β.
912 1872 1139 1925 fimiliter
1181 1874 1413 1947 legimus.
1483 1878 1631 1928 Hinc
1667 1895 1909 1930 nummus

331 1960 551 2007 KHBH
578 1961 904 2008 CCIEQN
934 1947 1230 1999 illustratur.
1282 1958 1389 2004 ΕΠ
1413 1961 1455 2004 1.
1500 1960 1667 2006 ΛΥΡ.
1705 1962 1903 2008 MAP-

330 2037 511 2083 ΚΟΥ.
564 2037 778 2082 ΑΡΧΙ.
824 2035 931 2080 ΠΡ
958 2035 1007 2080 Ω
1061 2032 1644 2084 ΚΗΒΗΕΕΙΕΩΝ.
1681 2025 1747 2077 de
1791 2045 1900 2098 quo

329 2101 535 2153 dubitat
558 2102 898 2172 Spanhemius
923 2143 936 2165 ,
966 2099 1054 2150 lib.
1081 2100 1144 2149 de
1163 2095 1251 2149 usu
1284 2099 1518 2157 numism.
1545 2118 1663 2175 pag.
1696 2107 1806 2172 695.
1837 2121 1903 2154 an

326 2173 395 2226 ad
432 2171 770 2229 Cebeffenses
800 2193 904 2227 vox
936 2173 1022 2224 iila
1054 2183 1153 2231 ΠΡ
1173 2184 1239 2230 Ω.
1269 2172 1460 2246 spectet
1490 2200 1499 2228 :
1539 2193 1656 2227 cum
1685 2179 1903 2228 omnino

326 2249 395 2301 ad
425 2248 795 2306 Pontificatum
826 2245 1006 2300 referri
1027 2263 1304 2318 oporteat,
1336 2248 1543 2322 legique
1562 2295 1575 2319 ,
1606 2251 1727 2308 ’Em‘
1753 2253 1902 2325 Λύρη-

326 2332 425 2382 λῖου
456 2325 684 2402 Ma‘fmu,
717 2324 986 2401 Ἀρχιερέως
1026 2323 1244 2392 Πράτου,
1273 2324 1569 2382 KnCnoe-ce‘aer.

252 2412 386 2461 EHI.
434 2414 585 2464 APX.
629 2413 685 2458 Γ.
721 2413 856 2458 ACI
877 2414 936 2457 N.
980 2411 1570 2463 NEIKOMAXOT.
1612 2415 1703 2461 ΦΡ.
1746 2413 1901 2459 CAP-

323 2489 417 2535 ΔΙ
440 2489 690 2536 ΑΝΩΝ.
729 2487 781 2531 Β.
817 2487 1306 2533 ΝΕΩΚΟΡΩΝ.
1340 2477 1765 2550 Mamaeae,apud
1786 2480 1899 2531 Oc-

321 2569 508 2605 conem
531 2597 545 2618 ,
573 2571 690 2626 pag.
740 2560 867 2622 408.
896 2549 996 2604 Sub
1027 2551 1265 2619 Ponrzfice
1290 2558 1486 2603 tertium
1509 2596 1524 2617 ,
1546 2551 1623 2607 vel
1640 2552 1736 2618 fi‘b
1763 2562 1900 2609 Pon.

321 2625 447 2693 tifi'ce
471 2635 601 2682 Caio
627 2627 799 2698 Afinio
818 2626 1125 2697 Nicomacho
1145 2635 1406 2679 Frontonis
1424 2636 1486 2681 F.
1509 2653 1511 2655 ·

247 2709 415 2757 EHI.
453 2714 596 2758 ATP.
634 2711 1071 2757 ZHNQNOC.
1112 2714 1258 2760 CAP.
1309 2712 1427 2759 ΠΡ.
1471 2714 1892 2767 ΜΑῙΟΝΩΝ.

328 2776 441 2833 E'‘71·zx
466 2779 708 2848 Ἀυρκλίου
730 2776 920 2833 Ζήνωνος
945 2775 1122 2850 Σοίρὲὶς
1140 2777 1305 2841 wpco'vq
1325 2778 1543 2846 Moqo'voey.
1580 2779 1823 2850 Implexae
1841 2782 1894 2829 in

321 2868 386 2902 eo
416 2870 632 2904 nummo
658 2852 841 2903 litterae
872 2860 922 2906 Π
957 2856 1008 2902 &
1035 2864 1088 2907 P.
1118 2866 1178 2902 ut
1202 2868 1231 2902 e
1259 2851 1458 2903 duabus
1489 2851 1716 2903 conflata
1744 2854 1895 2904 unica

319 2927 574 2979 videatur.
610 2923 710 2980 Sub
737 2925 947 2980 Aurelio
978 2937 1187 2979 Zenone.
1222 2926 1388 2978 Sardis
1418 2932 1598 2980 Prima
1622 2933 1895 2982 Maeonum.

311 3000 458 3073 Juliae
492 3003 729 3054 Mamaeae
756 3018 1010 3053 nummus,
1041 3000 1178 3054 Vide
1201 3013 1259 3057 M
1279 3013 1318 3056 A
1336 3012 1418 3060 IO
1433 3015 1479 3059 N
1496 3014 1546 3060 Ω
1563 3014 1623 3057 Ν.

248 3087 1290 3141 ΕΑΡΔΙΑΝΩΝΝΕΩΚΟΡΩΝ.
1351 3087 1469 3138 ΕΠ.
1529 3088 1698 3138 C-TP.
1759 3091 1896 3140 ME-
