2228 3428
737 199 1469 266 ILLUSTRATI.
1891 244 1962 275 ιη

397 279 563 329 Max.
594 276 669 330 Ei:
695 289 842 346 parte
873 277 1064 344 altera,
1101 292 1257 339 AAE
1282 296 1683 350 ΞΑΝΔΡΕΩ
1706 305 1751 351 N
1790 306 1894 354 ΚΟ
1915 283 1962 353 1'-

395 362 579 407 NON.
625 356 887 404 Commune
917 351 1385 412 Alexandrinorum,
1438 365 1648 419 Caesarls
1681 372 1968 425 Di&3[0rjg

395 443 635 476 nummus
662 425 800 496 apud
837 426 1146 496 Oeconem,
1175 448 1293 503 pag.
1331 455 1392 487 12.

317 501 398 555 M.
430 500 525 552 LE
549 502 625 554 Pl
649 502 703 554 D
726 502 772 553 V
795 501 844 551 S.
890 502 1126 558 PONT.
1176 508 1367 564 MAX.
1413 514 1707 570 TVTOR.
1758 525 1808 577 R
1830 523 1868 575 E
1893 524 1961 578 G.

397 578 437 628 E
457 577 527 629 X.
573 579 621 631 S.
667 574 729 627 C.
772 581 938 629 Tutor
960 585 1166 650 Regum.
1202 583 1471 639 Ptolemaei
1500 585 1694 643 scilicet
1717 594 1967 665 junioris„

393 657 447 703 &
476 650 776 724 Cleopatrae
792 693 805 715 ,
826 668 1003 724 regum
1028 657 1272 728 AEgypti.
1292 659 1367 711 Ex
1389 661 1550 714 altera
1582 665 1847 738 superficie
1864 716 1876 738 ,
1896 686 1969 731 Μ,

395 733 812 786 ΛΕΠΙΔΟΣ.
872 739 1464 794 ΑΥΤΟΚΡΑΤΩΡ.
1505 751 1796 800 ΤΡΙΩΝ.
1846 761 1970 805 AN.

391 815 442 857 Δ
462 815 496 857 Ρ
517 813 567 858 Ω
587 816 648 859 N.
698 809 790 855 M.
828 804 1044 870 Lepidus
1067 817 1194 878 Imp.
1229 817 1503 867 Triumvir.
1538 828 1579 873 K
1598 831 1681 875 Ol
1700 833 1745 876 Ν
1764 833 1811 878 Ω
1830 836 1874 879 Ν
1891 837 1911 880 1
1930 841 1974 881 Α

390 893 435 933 Α
462 888 503 934 Λ
523 890 559 934 E
583 892 626 939 Ξ
650 892 689 935 Α
710 891 755 933 Ν
774 888 822 934 Δ
842 892 913 936 ΡΙ
933 894 977 936 Ν
999 892 1047 938 Ω
1066 896 1127 940 Ν.
1172 884 1335 958 Apud
1372 889 1654 945 Oeconem
1674 935 1688 956 ,
1717 913 1839 970 pag.
1875 924 1899 954 2
1922 925 1967 956 2.

391 954 664 1008 Concordzcz
688 953 1158 1012 Alexandrinorum.

317 1029 399 1082 M.
441 1030 630 1084 ANT
651 1031 703 1084 O
726 1033 861 1085 N....
903 1031 949 1084 C
969 1033 1066 1086 LE
1094 1036 1146 1087 O
1171 1037 1223 1089 P.
1250 1037 1327 1089 Ex
1350 1053 1498 1112 parte
1526 1043 1697 1095 aversa
1716 1089 1730 1111 ,
1757 1048 1974 1108 ALEX.

395 1106 562 1158 CLA
583 1108 630 1160 S.
664 1123 782 1158 cum
810 1108 1040 1174 triremi,
1073 1126 1100 1162 e
1130 1111 1360 1166 Cimelio
1396 1117 1587 1187 Regio.
1623 1119 1979 1181 Alexandrina

399 1177 600 1240 Claffz's:
634 1198 791 1252 quam
827 1179 1020 1234 scilicet
1042 1185 1284 1239 adversus
1312 1189 1605 1260 Augustum
1636 1194 1894 1255 instruxit.

318 1270 363 1312 A
380 1266 423 1314 A
439 1270 476 1314 E
497 1270 557 1318 Ξ.
609 1271 651 1312 Α
671 1269 691 1312 I
709 1266 804 1314 ΓΥ
821 1268 888 1313 Π.
924 1258 1260 1335 Ἀλεξᾶνόζοειοι
1291 1263 1527 1331 Ai’w'vflou.
1571 1272 1840 1326 Nummus
1866 1278 1974 1329 Au„

397 1332 530 1403 gusti
569 1350 686 1383 cum
712 1333 883 1405 palma
905 1377 918 1399 ,
944 1338 1087 1405 apud
1123 1340 1437 1402 Oeconem,
1467 1360 1585 1416 pag.
1617 1367 1716 1416 49.
1751 1353 1801 1400 &
1835 1353 1977 1423 apud

396 1408 693 1459 Tristanum
715 1451 728 1472 ,
756 1422 886 1463 tom,
926 1432 957 1462 1.
987 1427 1106 1482 pag.
1134 1433 1211 1480 91.
1245 1414 1392 1465 Nam
1426 1422 1478 1469 ὅ(
1516 1422 1779 1491 AEgyptia
1805 1427 1977 1497 palma.

393 1481 468 1532 est
485 1525 498 1546 ,
524 1481 652 1532 teste
687 1480 883 1547 Plinio,
915 1481 1004 1536 lib.
1053 1504 1084 1536 x
1104 1508 1121 1539 1
1139 1507 1154 1538 1
1175 1508 1211 1539 1.
1251 1488 1366 1542 sees‘c.
1402 1508 1431 1540 v
1448 1511 1465 1544 1
1488 1511 1561 1547 11.
1604 1486 1685 1547 Et:⁴
1703 1499 1975 1569 Varrone5

394 1553 532 1607 libro
563 1555 668 1618 w&
704 1558 956 1624 {demv
987 1560 1129 1632 apud
1162 1562 1394 1619 Gellium
1416 1609 1430 1631 ,
1461 1566 1552 1620 lib.
1581 1588 1679 1623 v11.
1713 1589 1827 1646 cap.
1862 1594 1976 1630 xvx.

398 1631 460 1683 In
484 1646 634 1703 parte
662 1630 870 1700 aversa,
902 1632 986 1686 sex
1012 1634 1164 1707 spicae
1182 1680 1195 1703 ‚
1236 1635 1519 1694 fertilitatis
1545 1658 1703 1699 nota:
1733 1665 1852 1699 cum
1874 1650 1975 1703 liae

392 1707 708 1779 epigraphe,
735 1719 778 1764 K
805 1724 847 1764 A
875 1721 897 1765 Ι
923 1719 969 1772 Σ
994 1724 1037 1766 Α
1066 1726 1101 1768 Ρ
1125 1727 1171 1770 O
1195 1722 1253 1774 Σ.

273 1842 278 1843 ⁷
317 1796 363 1839 A
381 1791 427 1838 A
444 1795 481 1839 E
500 1795 543 1842 Ξ
566 1797 608 1838 Α
626 1795 733 1841 ΝΔ
753 1797 837 1841 PE
857 1799 913 1840 A.
948 1789 1007 1839 Iu
1035 1791 1258 1840 nummis
1293 1789 1529 1844 Othonis
1546 1836 1559 1860 ,
1589 1795 1778 1852 Galba:
1800 1845 1815 1866 ,.
1848 1802 1987 1855 Vefi.⁴

390 1858 586 1931 pasiani
602 1903 614 1926 ,
634 1861 778 1925 Titi,
798 1877 861 1911 ac
885 1864 1216 1931 Domitiani,
1243 1865 1428 1917 mulier
1458 1867 1662 1940 galeam
1690 1877 1861 1948 capite
1885 1895 1977 1951 ge-

395 1932 532 1985 stans
547 1978 562 2001 ,
588 1951 652 1985 ex
671 1933 1020 2008 elephantinis
1042 1942 1259 2007 exuviis,
1283 1942 1361 2008 (id
1382 1941 1528 2013 quod
1548 1961 1610 1997 ex
1628 1948 1976 2020 promuscide„

397 2026 513 2080 quae
537 2009 704 2060 exstat
721 2052 734 2076 ,
764 2009 1092 2084 intelligitur,
1113 2021 1127 2083 )
1152 2014 1521 2069 Alexandriam
1547 2020 1799 2077 denotat:
1823 2029 1977 2079 etiam

395 2101 505 2133 non
529 2083 727 2156 adjesta
759 2101 819 2136 ea
840 2087 1157 2159 epigraphe,
1188 2103 1231 2144 A
1257 2100 1302 2146 A
1328 2104 1365 2148 E
1399 2104 1442 2152 Ξ
1469 2108 1511 2148 Α
1540 2109 1588 2152 N
1613 2106 1661 2153 Δ
1695 2100 1736 2154 Ρ·
1759 2112 1796 2156 E
1824 2114 1899 2166 A,
1921 2106 1974 2154 in

396 2159 621 2207 nummis
667 2156 940 2212 Hadriani.
1011 2164 1188 2234 Spicas
1220 2165 1404 2217 eadem
1447 2184 1605 2220 manu
1640 2186 1789 2224 tenet
1811 2217 1824 2240 ,
1861 2194 1988 2247 quaev

393 2229 723 2281 fertilitatem
750 2233 861 2302 agri
877 2233 1116 2285 indicent
1135 2278 1148 2301 ,
1179 2236 1540 2311 frumentique
1569 2247 1776 2316 copiam
1793 2291 1807 2314 ,
1829 2252 1980 2321 quod

394 2304 582 2356 devehi
607 2307 841 2360 Romam
864 2303 1082 2362 solebat.
1102 2308 1257 2363 Unde
1278 2312 1446 2386 Leges
1468 2317 1519 2365 in
1535 2317 1653 2389 jure
1677 2320 1868 2390 Civili,
1896 2330 1988 2382 tit..

395 2377 461 2430 de
483 2376 756 2431 frumento
789 2378 1166 2438 Alexandrino.
1389 2428 1397 2433 ,.

322 2454 370 2506 Α
387 2454 429 2507 L
443 2455 483 2507 E
501 2456 555 2508 X
575 2456 622 2508 A
638 2458 694 2510 N
713 2457 769 2510 D
789 2458 838 2510 R
858 2458 881 2509 Ι
902 2457 965 2511 Α.
1012 2459 1206 2513 Mulier
1229 2462 1390 2537 spicas
1419 2467 1600 2520 dextra
1633 2483 1828 2528 tenens.
1857 2479 1978 2535 Ha..

395 2528 560 2582 driani
589 2548 834 2583 nummus
856 2533 997 2604 apud
1022 2535 1266 2589 Patinum
1286 2581 1301 2606 ‚
1334 2557 1449 2614 pag.
1480 2563 1592 2613 191.
1630 2545 1699 2602 ob
1725 2547 1978 2605 frumenti

395 2606 448 2655 in
478 2621 536 2657 ea
572 2607 786 2678 regione
814 2610 1019 2681 copiam
1052 2633 1063 2662 :
1106 2610 1300 2667 sinistra
1332 2617 1492 2668 vitem
1528 2634 1675 2672 tenet
1704 2667 1726 2689 „
1764 2624 1834 2677 ob
1867 2630 1973 2682 vini

397 2679 685 2733 Mareotici
708 2681 1055 2756 praestantiam
1076 2728 1091 2752 ,
1117 2687 1264 2758 quod
1289 2694 1342 2743 ὃς
1363 2690 1780 2750 Alexandrinum
1811 2703 1978 2757 Athe-

397 2773 537 2808 naeus
564 2771 724 2809 vocat
743 2801 756 2824 ,
783 2755 872 2811 lib.
910 2778 943 2812 ι.
995 2761 1310 2815 Restitutam
1337 2768 1408 2818 ab
1441 2769 1718 2823 Hadriano
1748 2775 1975 2829 Alexan..

398 2830 562 2882 driam
579 2874 593 2898 ‚
615 2834 794 2885 austor
821 2833 895 2886 est
922 2831 1169 2888 Eusebius
1194 2841 1250 2892 in
1282 2840 1574 2903 Chronico,
1617 2848 1757 2902 Vide
1786 2843 1977 2925 Vopisj.

397 2923 517 2958 cum
542 2908 594 2958 in
631 2909 934 2962 Saturnino.

327 2981 378 3034 A
398 2981 440 3035 L
459 2982 498 3034 E
516 2984 568 3036 X
587 2982 634 3034 A
651 2984 708 3036 N
731 2984 785 3036 D
811 2986 859 3039 R
883 2985 903 3036 I
922 2985 986 3038 A.
1014 2987 1307 3053 Hadriani,
1325 2993 1466 3066 apud
1494 2995 1738 3049 Patinum
1761 2968 1814 3050 ili
1833 2999 1981 3054 The-.

399 3053 546 3111 sauro
562 3101 576 3126 ,
597 3073 718 3133 pag.
739 3062 822 3116 66.
848 3061 1058 3116 Dextra
1077 3062 1278 3120 fistrum
1300 3082 1540 3125 matrona
1565 3086 1712 3124 tenet
1726 3117 1739 3140 ‚
1755 3074 1861 3156 hoc
1880 3076 1979 3146 est5.

1649 3149 1710 3204 D
1749 3149 1785 3218 ij,
