2228 3428
287 243 398 293 432
448 218 452 219 ⁷
773 215 1098 269 NUMMI
1162 208 1596 289 ANTIQUI
1844 283 1849 285 „

452 293 704 350 Salentia:
733 290 872 340 unde
888 289 1137 342 Salentini
1156 287 1336 361 populi
1355 331 1368 354 ,
1397 294 1450 342 ὃ(
1471 289 1761 342 Salentinus
1783 306 1933 365 ager,
1971 298 2026 349 δε

451 365 873 439 promontorium
909 363 1252 418 Salentinum,
1283 364 1449 417 Nunc
1476 379 1695 434 quoque
1722 363 1875 418 Solito
1897 410 1913 431 ‚
1943 369 2020 419 su-

451 456 543 513 pra
574 437 919 512 Hydruntum
951 447 1182 495 omento,
1237 440 1298 489 In
1332 438 1502 509 priore
1532 453 1748 487 nummo
1784 440 2026 494 Minerva

453 512 654 586 galeata
670 557 684 580 ,
703 530 827 566 cum
847 513 1100 586 delphinis
1121 557 1134 581 ‚
1160 510 1433 583 insculpta.
1462 513 1651 564 Strabo
1671 554 1684 576 ,
1701 511 1790 565 lib.
1814 531 1885 568 v1.
1906 533 2023 589 pag,

452 594 552 642 281.
588 589 701 645 Τοός
731 590 760 662 ᾗ
795 589 1078 650 Σαλωτῖνοις
1109 592 1290 663 Κρηπῖἶν
1317 589 1516 648 &vi-olnam
1547 585 1701 652 φασίν.
1735 587 1946 652 εἶνταόθτι
1973 595 2026 647 «Ν

455 671 528 724 'gli
548 666 586 724 (ε’
612 665 664 721 τέ
685 665 720 721 ’ἓ
743 667 955 721 Ἀθῑωοῖς
980 665 1090 731 ἶεςέν
1126 664 1354 725 πῂοόστόν
1380 688 1492 720 'mre-e
1522 662 1778 736 πήξας’.
1811 663 2029 719 Salenti-

454 757 535 791 nos
561 749 709 792 aiunt
747 740 1038 813 Cretenstum
1082 737 1260 792 colonos
1303 737 1401 807 effi.
1469 739 1628 805 Apud
1656 735 1736 789 ‚hos
1777 738 2031 808 estfanum

455 820 716 869 Iblinervae
746 855 761 876 ,
806 813 945 867 dives
974 815 1239 889 quondam.
1302 814 1362 867 ln
1392 812 1555 865 altero
1592 815 1881 886 Neptunus
1906 832 2029 867 cum

453 890 694 942 tridente.

311 973 355 1025 Σ
372 978 413 1021 A
432 974 478 1021 A
497 978 536 1019 A
554 975 603 1021 Π
620 978 641 1021 Ι
657 980 702 1023 N
721 975 769 1021 Ω
790 979 848 1021 Ν.
880 966 1057 1038 Caput
1084 963 1377 1037 Apollinis:
1401 980 1564 1035 equus
1594 979 1657 1014 ex
1679 961 1848 1015 aversa
1880 982 2029 1016 num-

458 1042 528 1092 mi
554 1056 713 1112 parte.
737 1042 773 1092 E
797 1042 1023 1093 Cimelio
1045 1042 1234 1111 Regio.
1254 1039 1423 1091 Plinio
1443 1081 1456 1104 3
1484 1037 1571 1093 lib.
1609 1059 1623 1090 1
1654 1060 1668 1092 1
1697 1059 1741 1092 1.
1769 1039 1887 1092 seror.
1916 1057 2029 1095 xvl⁰

457 1113 656 1183 Apulia
692 1120 1008 1168 Dauniorum
1044 1118 1369 1189 cognomine..
1393 1155 1402 1167 .
1424 1156 1434 1165 .
1457 1120 1504 1164 in
1531 1130 1631 1182 qna
1674 1116 1895 1181 oppidum
1933 1120 2031 1169 Sa..

456 1191 629 1258 lapm,
652 1190 974 1243 Hannibalis
1004 1195 1269 1241 meretricio
1297 1206 1462 1239 amore
1490 1193 1743 1261 cognitum.
1766 1190 1932 1243 Nunc
1946 1209 2029 1240 ru-

459 1266 578 1317 dera
610 1283 806 1317 nomen
833 1266 1066 1332 servant,
1085 1264 1249 1332 Salpe.
1283 1262 1797 1334 Carthaginiensibus
1816 1262 2034 1337 paruisse

461 1340 585 1391 olim
620 1357 784 1413 equus
815 1339 1096 1415 insculptus
1124 1339 1399 1395 admonet.
1439 1337 1576 1392 Vide
1603 1336 1801 1390 nostras
1841 1340 1893 1389 in
1929 1339 2030 1392 Pli-

456 1432 598 1465 nium
623 1432 791 1469 n-otaS.

313 1489 343 1539 S
363 1488 410 1541 A
426 1489 470 1541 L
489 1492 543 1543 D
569 1493 615 1545 V
637 1493 675 1542 B
699 1492 761 1544 A.
783 1493 1047 1545 Nummus
1068 1490 1186 1542 Caii
1204 1489 1415 1542 Caesaris
1437 1532 1451 1556 ,
1476 1505 1502 1540 e
1521 1488 1787 1541 Thesauro
1809 1488 2036 1559 Goltzii,

460 1581 582 1637 pag.
621 1586 754 1635 230.
789 1564 991 1633 Plinio,
1022 1563 1111 1618 lib.
1151 1585 1166 1618 1
1195 1585 1210 1616 1
1241 1586 1280 1618 1.
1310 1563 1424 1616 sect.
1454 1582 1535 1617 iv.
1567 1564 1936 1636 Caesaraugusta
1958 1583 2033 1616 co-

459 1639 596 1690 lonia
613 1681 623 1692 .
645 1685 653 1693 .
677 1683 686 1695 .
717 1638 802 1691 ubi
827 1640 1054 1707 oppidum
1078 1652 1229 1691 antea
1257 1635 1539 1689 vocabatur
1560 1635 1801 1692 Salduba.
1861 1641 2031 1692 Vetus

457 1713 723 1787 inscriptio
753 1714 891 1787 apud
920 1713 1142 1766 eundern
1186 1713 1492 1778 Goltzium,
1525 1728 1647 1783 pag.
1682 1717 1778 1780 238.
1832 1715 1879 1767 C
1899 1715 1951 1766 O
1972 1713 2032 1767 L.

465 1788 950 1846 CAESAREA.
993 1787 1200 1843 AVG.
1240 1787 1547 1840 SALDV
1573 1787 1696 1842 BA.
1721 1788 1884 1841 Nunc
1909 1795 2032 1845 Sar.

462 1862 657 1935 ragqffi’.
1879 1893 1881 1895 ·

313 1944 352 1990 C
369 1947 410 1992 A
427 1949 470 1996 A
489 1951 511 1993 Ι
532 1951 571 1993 T
590 1951 639 1996 Ω
657 1951 714 1994 Ν.
755 1939 838 1989 Sic
866 1953 1135 2012 perperam
1173 1936 1420 2005 PatinuS,
1453 1953 1513 1988 ac
1547 1930 1816 1989 Tristanus
1842 1935 2031 2010 legunt

460 2017 513 2064 in
546 2016 767 2064 nummis
795 2015 850 2064 iis
869 2057 882 2081 ‚
907 2031 1040 2085 quos
1077 2026 1113 2070 E
1132 2021 1173 2068 A
1192 2025 1232 2067 A
1252 2023 1274 2067 Ι
1293 2023 1333 2066 T
1351 2024 1401 2070 Ω
1420 2026 1465 2070 Ν
1508 2011 1609 2063 esse
1634 2009 1723 2063 suo
1758 2010 1881 2062 loco
1921 2029 2032 2063 mo„

459 2090 680 2141 unimus,
721 2088 866 2141 Cave
897 2088 1034 2140 enim
1062 2104 1148 2139 aut
1168 2087 1264 2139 illis
1298 2088 1506 2154 credaS,
1540 2087 1632 2159 qui
1658 2087 1722 2138 ad
1749 2087 2032 2158 Hyrcaniae

462 2161 715 2237 populum
744 2206 759 2232 ‚
794 2165 1153 2236 oppidumque
1185 2161 1331 2224 Σοίλη
1353 2179 1595 2214 nummos
1630 2177 1720 2212 eos
1752 2159 2031 2234 ablegant:

460 2254 551 2290 aut
577 2255 778 2311 nupero
801 2237 1036 2311 scriptori
1069 2237 1317 2292 Gilberto
1343 2238 1628 2312 CupperO,
1654 2238 1744 2308 qui
1775 2253 1893 2309 pag.
1917 2257 2031 2303 2240

459 2312 528 2364 ad
547 2315 799 2386 oppidum
827 2314 1108 2366 Pannoniae
1136 2311 1393 2364 inferioris
1420 2312 1582 2364 refert
1602 2354 1616 2377 ,
1647 2312 1729 2361 cui
1749 2310 1907 2372 Σοίλις
1933 2329 2028 2362 no-

462 2405 582 2439 men
609 2386 681 2439 est
709 2387 850 2460 apud
887 2386 1231 2440 Ptolemaeum
1261 2412 1272 2440 :
1310 2404 1429 2438 cum
1465 2402 1638 2457 neque
1663 2386 1907 2457 Hyrcani
1936 2403 2031 2437 un-

464 2480 620 2534 quam
646 2461 783 2513 hunc
820 2464 1077 2515 Romanis
1099 2463 1355 2514 honorem
1378 2460 1656 2514 habuerint
1671 2503 1686 2526 ,
1709 2475 1766 2510 ut
1787 2478 2033 2511 nummos

460 2539 513 2588 in
551 2555 733 2589 eorum
775 2539 993 2610 gratiam
1034 2536 1285 2588 cuderent
1308 2561 1319 2589 ε
1363 2552 1459 2588 nec
1500 2535 1771 2587 Pannonia
1807 2549 2033 2606 utraque

463 2615 661 2669 Graecis
682 2608 1057 2666 characteribus
1082 2612 1164 2663 usa
1189 2611 1278 2678 fit,
1295 2608 1378 2663 sed
1400 2610 1598 2682 semper
1625 2609 1837 2662 Latinis,
1860 2611 2032 2663 Num⁸²

460 2704 571 2739 mus
599 2691 649 2738 in
675 2704 783 2758 quo
811 2687 861 2736 in
886 2688 1061 2759 primis
1095 2684 1396 2738 hallucinati
1419 2687 1515 2738 viri
1546 2683 1768 2752 eruditi,
1806 2682 1891 2735 ille
1921 2683 1993 2735 est
2015 2727 2029 2751 ‚

461 2765 551 2832 qui
582 2760 807 2835 Dorylai
833 2763 1072 2813 Praetoris
1101 2777 1295 2812 nomen
1323 2759 1558 2833 praefert:
1583 2770 1619 2815 E
1637 2768 1686 2815 Π
1706 2769 1745 2814 I.
1786 2769 2031 2817 ΔΟΡΥ-

459 2846 561 2893 ΛΑ
579 2852 624 2896 0
642 2850 685 2893 Υ
706 2880 716 2903 ‚
738 2835 881 2908 quod
909 2836 1118 2907 quidem
1143 2833 1243 2888 esse
1271 2836 1364 2888 viri
1383 2835 1650 2908 proprium
1671 2878 1684 2901 ,
1709 2834 1788 2887 vel
1808 2851 1870 2885 ex
1891 2837 2030 2888 Stra-

462 2909 604 2965 bone
635 2915 847 2975 scium-S,
871 2909 962 2965 lib.
991 2931 1038 2965 x.
1066 2929 1184 2985 pag.
1214 2931 1357 2982 477.
1388 2915 1441 2964 &
1476 2908 1569 2962 lib.
1593 2927 1661 2962 xi
1681 2932 1717 2963 1.
1751 2926 1869 2982 pag.
1915 2928 2024 2979 5570

309 2983 338 3035 S
360 2984 404 3036 A
424 2985 465 3037 L
484 2986 544 3038 M
564 2989 612 3039 A
631 2989 683 3042 N
704 2988 753 3038 T
773 2988 797 3039 I
816 2985 863 3038 C
885 2987 949 3039 A.
982 2987 1170 3039 Galbae
1199 3003 1441 3038 nummus
1457 2990 1489 3052 ‚⁷
1508 3001 1536 3036 e
1563 2982 1836 3037 Thesauro
1863 2981 2026 3039 Golt-

361 3073 364 3076 ’
450 3062 515 3111 zii
534 3104 548 3127 ‚
579 3079 696 3136 pag.
721 3081 824 3131 230.
849 3063 909 3115 In
934 3060 1221 3136 Hispania,
1241 3060 1597 3133 Salamanque.

517 3144 520 3145 ’
1625 3134 1659 3189 S
1679 3133 1729 3188 A
1745 3131 1787 3184 L·
1806 3130 1858 3185 O
1875 3129 1933 3186 N
1954 3127 2021 3183 A„
