2228 3428
338 236 407 301 52
727 226 1129 297 ANUMMr
1209 229 1706 308 ANTIQUI

406 307 1821 369 ΝΕΡΩΝΟΣ.ΚΑΙΣΑΡΟΣ.ΣΕΒΑΣΤΟἎ
1882 313 2046 385 Αμω

479 383 720 433 Patinum
745 383 795 431 in
813 380 1084 433 Theiauro
1103 427 1116 450 ‚
1142 400 1259 456 pag.
1291 404 1372 457 54.
1400 386 1473 437 EX
1491 399 1637 456 parte
1664 386 1823 438 altera
1855 388 2046 460 Aquila

480 454 702 507 Fulmini
718 453 949 506 insistens
964 501 976 523 ,
1004 459 1438 513 Antiochenfium
1455 458 1714 531 peculiare
1730 458 2043 532 symbolum,

477 548 594 581 cum
623 534 761 582 notis
782 530 1129 583 numeralibus
1160 543 1272 588 ΘΡ.
1302 533 1488 604 quibus
1517 552 1677 585 annus
1693 553 1802 587 aerae
1817 534 2045 608 ipsorum

477 622 607 660 c1X.
645 605 900 679 signatur,
932 609 1166 661 Neronis
1192 607 1425 659 decimus
1441 653 1454 675 ,
1483 607 1636 661 Urbis
1660 628 1695 662 D
1717 630 1749 663 c
1769 630 1802 665 c
1821 631 1851 664 c
1870 632 1907 666 x
1924 632 1976 666 v.

398 689 827 741 ΝΕΡΩΝΟΣ.
903 690 1357 742 ΚΑΙΣΑΡΟΣ.
1432 692 1890 744 ΣΕΒΑΣΤΟΥ.
1960 688 2040 739 EX

474 772 623 830 parte
646 757 827 824 altera,
864 768 909 813 Π
930 768 1206 816 ΟΠΠΗΙ
1227 769 1332 817 ΑΣ
1370 767 1708 819 ΣΕΒΑΣΤ.
1746 775 1793 817 H
1813 777 1860 817 P.
1894 760 2045 815 Sabi-

473 851 546 884 nae
573 839 800 900 Poppaeae
830 837 1073 907 Augnstae.
1108 833 1422 887 Posteriores
1451 834 1641 887 litteras
1671 849 1720 891 H
1738 851 1786 892 P.
1813 856 1925 909 qua²
1945 854 2047 889 me..

472 909 608 959 diam
636 910 836 966 nummi
861 926 1034 960 aream
1063 909 1338 976 obtinent,
1370 927 1486 960 cum
1516 923 1699 961 ceterae
1732 911 1824 962 fint
1852 914 1901 962 in
1931 929 2043 962 am-

473 979 587 1035 bitu
609 1030 622 1053 ‚
645 985 911 1037 Tristanus
941 999 1089 1036 tomo
1122 1007 1156 1039 1.
1178 1002 1294 1058 pag.
1326 1006 1451 1055 244.
1478 997 1525 1041 H
1544 997 1578 1039 P
1599 998 1635 1040 A
1654 993 1697 1044 Σ
1732 989 2043 1059 interpreta-

468 1070 585 1125 tur,
613 1076 674 1110 ac
710 1059 999 1134 deJunone
1030 1062 1254 1132 accipit,
1283 1078 1391 1132 quo
1421 1058 1671 1111 donatam
1703 1059 1804 1113 effe
1839 1079 2042 1133 cogno-

469 1134 611 1184 mine
632 1136 914 1207 Poppaeam
945 1149 1095 1207 putat
1125 1153 1152 1186 a
1174 1137 1423 1189 Nerone:
1448 1137 1523 1186 uti
1546 1137 1756 1188 rusticus
1781 1139 1831 1187 in
1853 1136 2041 1188 Casina

472 1206 674 1275 Plauti,
701 1227 916 1260 uxorem
938 1211 1072 1261 suam
1097 1208 1411 1282 compellat:

509 1291 615 1350 En,
648 1302 758 1334 mea
783 1292 909 1335 Iuno
927 1328 939 1350 ,
963 1303 1053 1335 non
1084 1283 1219 1334 decet
1244 1299 1290 1334 te
1320 1282 1409 1353 effi’
1436 1300 1541 1336 tam
1570 1289 1748 1353 tristem
1781 1290 1906 1336 lovi
1932 1298 2026 1336 tuo,

469 1358 661 1430 Nugae.
714 1360 801 1410 Ab
843 1359 1192 1411 Antiochenis
1237 1356 1412 1409 cusum
1458 1359 1559 1411 esse
1584 1361 1724 1412 hunc
1768 1378 2039 1411 nummum

466 1431 867 1487 contendimus:
898 1433 1060 1505 iisque
1088 1436 1226 1483 notis
1251 1452 1359 1484 aerae
1381 1436 1604 1500 ipiOrum
1633 1453 1824 1485 annum
1858 1436 2041 1507 signari

468 1507 552 1585 ps,
589 1506 691 1560 five
719 1527 792 1560 cv
811 1531 828 1562 1
848 1531 864 1562 1
888 1531 922 1564 1.
972 1509 1061 1580 qui
1087 1506 1243 1580 plane
1277 1508 1460 1558 incidit
1496 1512 1543 1558 in
1580 1527 1772 1559 annum
1807 1511 2039 1561 Neronis

463 1600 661 1636 nonum
683 1628 695 1649 ,
727 1582 879 1637 Urbis
914 1587 1100 1642 Romae
1131 1603 1167 1638 D
1188 1603 1219 1638 c
1237 1602 1268 1637 c
1288 1601 1320 1637 C
1338 1602 1375 1637 X
1393 1604 1409 1635 1
1430 1603 1479 1638 v.
1510 1585 1585 1637 Ut
1609 1602 1671 1635 ex
1707 1601 1925 1635 nummo
1957 1584 2035 1635 su-

464 1663 670 1729 periore
700 1658 888 1730 liquet.

397 1746 929 1793 ANTIOXEQN.
970 1749 1066 1794 ET.
1105 1745 1236 1794 ΔΙΡ.
1272 1748 1407 1794 ΕΠΙ.
1451 1746 1836 1797 ΚΕΣΤῙΟΥ.
1864 1738 2036 1790 Num..

463 1828 575 1861 mus
610 1814 857 1864 Neronis.
901 1812 1306 1868 Antiochenorum
1336 1833 1465 1864 anno
1493 1812 1596 1877 &AV
1623 1813 1725 1864 hoc
1749 1813 1822 1863 est
1847 1856 1859 1878 ,
1891 1829 2034 1865 cx1v.

449 1884 546 1958 sub
580 1889 730 1953 Cestio
754 1930 767 1952 ‚
791 1905 952 1941 annus
979 1890 1212 1941 Neronis
1232 1888 1476 1960 signatur,
1506 1908 1614 1940 non
1639 1906 1686 1940 x.
1713 1902 1771 1938 ut
1787 1890 1896 1937 viro
1917 1903 2034 1936 eru-

462 1960 578 2011 dito
612 1961 771 2013 visum
797 1961 869 2014 est
889 2005 903 2029 ,
925 1962 1006 2014 sed
1038 1964 1354 2034 postremuS,
1385 1960 1468 2014 seu
1499 1982 1626 2016 xiv.
1659 1962 1903 2033 quiidem
1931 1963 2031 2013 Ur-

465 2032 542 2085 bis
565 2035 666 2088 fuit
697 2056 733 2090 D
755 2056 786 2090 c
811 2057 1013 2092 ccxx.
1052 2055 1168 2088 cum
1199 2055 1363 2087 annus
1396 2037 1647 2089 secundus
1677 2036 1868 2101 Probi,
1906 2034 2033 2087 teste

463 2109 689 2162 Eusebio
719 2114 772 2162 in
800 2112 1071 2165 Chronico
1089 2155 1103 2178 ,
1131 2111 1332 2183 quifuit
1346 2113 1501 2165 Urbis
1530 2134 1574 2168 M
1595 2131 1687 2166 XX
1707 2130 1801 2164 xri.
1831 2112 2032 2161 incidat

460 2185 513 2235 in
540 2203 731 2238 annum
762 2205 872 2239 aerae
908 2187 1365 2239 Antiochenorum
1395 2205 1466 2237 cc
1486 2205 1667 2238 cxxv.
1702 2185 1905 2237 Cestius
1941 2183 2033 2237 sub

463 2260 688 2311 Nerone
722 2264 876 2321 Svriae
904 2262 1139 2332 praefuit,
1168 2259 1296 2309 teste
1317 2258 1571 2331 ]osepho,
1602 2258 1778 2310 multis
1811 2256 1957 2309 locis.
1993 2264 1995 2267 ’

341 2329 2030 2400 ’ΜΗΤΡΟΠΟΛΕΟΕ ΑΝΤῘΟΧΕΩΝ ῐὴὼωή,

455 2410 594 2481 apud
621 2412 889 2477 Patinum,
929 2427 1044 2482 pag.
1077 2431 1195 2465 200.
1221 2428 1357 2460 nunc
1388 2410 1594 2463 Cimelii
1633 2410 1800 2480 Regii.
1826 2408 1908 2458 Ad
1938 2407 2029 2458 de-

454 2483 761 2536 merendum
802 2487 1096 2556 Principem
1127 2529 1141 2552 ,
1179 2502 1335 2555 quem
1367 2483 1460 2536 fibi
1488 2480 1740 2535 infensum
1778 2481 1878 2533 effe
1903 2482 2028 2533 scie-

454 2556 611 2627 bant,
647 2559 1210 2619 cudihuncnummum
1237 2555 1841 2629 Antiochensesjuffere.
1876 2558 2030 2628 Spar-

415 2692 427 2704 'a
458 2635 627 2686 tianus
647 2637 699 2685 in
730 2634 1006 2688 Hadriano
1025 2676 1042 2698 ,
1066 2653 1182 2709 pag.
1224 2655 1277 2704 7.
1302 2630 1655 2696 Antiochenses
1680 2640 1808 2683 inter
1826 2629 1922 2683 h'aec
1948 2642 2026 2684 tm

457 2707 565 2758 odio
591 2707 798 2772 habuit,
831 2727 887 2760 nt
919 2716 1116 2783 Syriam
1139 2729 1173 2761 a
1209 2705 1434 2764 Phoenice
1455 2703 1678 2779 [bpamre
1705 2708 1945 2775 voluerit,
1971 2726 2027 2759 ne

454 2798 531 2836 tot
554 2792 816 2837 civitatum
846 2794 921 2839 M
924 2785 1145 2853 etropoln
1172 2783 1444 2839 Antiochia
1468 2787 1713 2837 diceretur.

381 2891 418 2903 -·
447 2872 555 2915 ..M
573 2874 694 2926 HT.
737 2874 758 2917 Ι
777 2874 878 2918 ΕΡ.
917 2875 959 2920 Κ
979 2876 1020 2917 A
1039 2874 1078 2919 Ι.
1123 2876 1165 2917 Α
1184 2872 1357 2919 (ΞΥΛ.
1383 2863 1440 2914 L.
1467 2863 1591 2913 Veri
1616 2876 1853 2912 nummus
1883 2857 2025 2932 apud

455 2930 678 2988 eundem
703 2980 718 3001 ,
744 2935 859 3009 pag.
892 2959 997 3010 257.
1025 2939 1198 3010 priore
1224 2940 1294 2988 sui
1315 2951 1460 3009 parte
1475 2934 1675 2988 exesus:
1698 2937 1777 2986 cui
1796 2931 2021 3004 insculp-

453 3021 503 3071 ta
526 3009 697 3063 fimilis
726 3011 920 3084 effigies
942 3014 986 3062 ei
1015 3030 1128 3081 quae
1155 3014 1207 3063 in
1232 3010 1514 3063 Caracallae
1536 3027 1751 3060 nummo
1783 3010 2020 3080 proxime

455 3078 718 3152 laudando
743 3090 1010 3141 cernitur.
1048 3090 1236 3159 Itaque
1274 3082 1629 3138 substituenda
1660 3082 1747 3137 hic
1770 3091 1872 3136 vox
1908 3081 2017 3144 est,
