<?xml version="1.0" encoding="UTF-8"?>
<!DOCTYPE html PUBLIC "-//W3C//DTD XHTML 1.0 Transitional//EN"
    "http://www.w3.org/TR/xhtml1/DTD/xhtml1-transitional.dtd">
<html xmlns="http://www.w3.org/1999/xhtml" xml:lang="en" lang="en">
 <head>
  <title>
</title>
<meta http-equiv="Content-Type" content="text/html;charset=utf-8" />
  <meta name='ocr-system' content='tesseract 3.04.00' />
  <meta name='ocr-capabilities' content='ocr_page ocr_carea ocr_par ocr_line ocrx_word'/>
</head>
<body>
  <div class='ocr_page' id='page_1' title='image "./joannisharduinis00hard_0576.png"; bbox 0 0 2228 3428; ppageno 0'>
   <div class='ocr_carea' id='block_1_1' title="bbox 293 268 2032 1143">
    <p class='ocr_par' dir='ltr' id='par_1_1' title="bbox 293 268 2032 1143">
     <span class='ocr_line' id='line_1_1' title="bbox 301 268 2029 396; baseline 0.002 -25"><span class='ocrx_word' id='word_1_1' title='bbox 301 268 421 375; x_wconf 55' lang='lat' dir='ltr'>{sim</span> <span class='ocrx_word' id='word_1_2' title='bbox 457 318 685 383; x_wconf 83' lang='lat' dir='ltr'>ciconia,</span> <span class='ocrx_word' id='word_1_3' title='bbox 720 313 869 385; x_wconf 81' lang='lat' dir='ltr'>quod</span> <span class='ocrx_word' id='word_1_4' title='bbox 904 314 1075 368; x_wconf 76' lang='lat' dir='ltr'>Fabiae</span> <span class='ocrx_word' id='word_1_5' title='bbox 1103 319 1274 386; x_wconf 78' lang='lat' dir='ltr'>gentis</span> <span class='ocrx_word' id='word_1_6' title='bbox 1304 313 1542 389; x_wconf 70' lang='lat' dir='ltr'>insignet</span> <span class='ocrx_word' id='word_1_7' title='bbox 1578 313 2029 396; x_wconf 56' lang='lat' dir='ltr'>subscriptumque</span> 
     </span>
     <span class='ocr_line' id='line_1_2' title="bbox 301 389 2028 467; baseline 0.002 -22"><span class='ocrx_word' id='word_1_8' title='bbox 301 389 493 449; x_wconf 80' lang='lat' dir='ltr'>nomen</span> <span class='ocrx_word' id='word_1_9' title='bbox 512 391 706 457; x_wconf 82' lang='lat' dir='ltr'>habet,</span> <span class='ocrx_word' id='word_1_10' title='bbox 730 389 791 444; x_wconf 88' lang='lat' dir='ltr'>C.</span> <span class='ocrx_word' id='word_1_11' title='bbox 831 393 866 444; x_wconf 87' lang='lat' dir='ltr'>F</span> <span class='ocrx_word' id='word_1_12' title='bbox 893 394 936 443; x_wconf 85' lang='lat' dir='ltr'><strong>A</strong></span> <span class='ocrx_word' id='word_1_13' title='bbox 955 391 1045 443; x_wconf 90' lang='lat' dir='ltr'>BI.</span> <span class='ocrx_word' id='word_1_14' title='bbox 1087 390 1154 444; x_wconf 87' lang='lat' dir='ltr'>C.</span> <span class='ocrx_word' id='word_1_15' title='bbox 1193 392 1248 443; x_wconf 86' lang='lat' dir='ltr'>F.</span> <span class='ocrx_word' id='word_1_16' title='bbox 1275 393 1375 444; x_wconf 51' lang='grc' dir='ltr'>δρᾶ</span> <span class='ocrx_word' id='word_1_17' title='bbox 1404 399 1445 442; x_wconf 53' lang='grc' dir='ltr'>ὃς</span> <span class='ocrx_word' id='word_1_18' title='bbox 1485 409 1676 442; x_wconf 73' lang='lat' dir='ltr'>annum</span> <span class='ocrx_word' id='word_1_19' title='bbox 1713 394 2028 467; x_wconf 66' lang='lat' dir='ltr'>ufir-ximus,</span> 
     </span>
     <span class='ocr_line' id='line_1_3' title="bbox 302 461 2029 541; baseline 0.001 -21"><span class='ocrx_word' id='word_1_20' title='bbox 302 488 408 541; x_wconf 89' lang='lat' dir='ltr'>quo</span> <span class='ocrx_word' id='word_1_21' title='bbox 428 465 775 520; x_wconf 82' lang='lat' dir='ltr'>Consulatum</span> <span class='ocrx_word' id='word_1_22' title='bbox 799 465 957 516; x_wconf 86' lang='lat' dir='ltr'>ambo</span> <span class='ocrx_word' id='word_1_23' title='bbox 976 461 1167 538; x_wconf 66' lang='lat' dir='ltr'>gcffiss&#39;:</span> <span class='ocrx_word' id='word_1_24' title='bbox 1187 465 1422 517; x_wconf 63' lang='lat' dir='ltr'>dicuntur</span> <span class='ocrx_word' id='word_1_25' title='bbox 1440 484 1576 525; x_wconf 72' lang='lat' dir='ltr'>,nem</span> <span class='ocrx_word' id='word_1_26' title='bbox 1588 483 1650 539; x_wconf 85' lang='lat' dir='ltr'>pe</span> <span class='ocrx_word' id='word_1_27' title='bbox 1669 486 2029 527; x_wconf 81' lang='lat' dir='ltr'>ccchxxxv.</span> 
     </span>
     <span class='ocr_line' id='line_1_4' title="bbox 299 540 2030 614; baseline 0.002 -20"><span class='ocrx_word' id='word_1_28' title='bbox 299 561 418 594; x_wconf 89' lang='lat' dir='ltr'>cum</span> <span class='ocrx_word' id='word_1_29' title='bbox 449 542 752 593; x_wconf 89' lang='lat' dir='ltr'>centenario</span> <span class='ocrx_word' id='word_1_30' title='bbox 784 542 990 614; x_wconf 79' lang='lat' dir='ltr'>integro</span> <span class='ocrx_word' id='word_1_31' title='bbox 1015 540 1222 591; x_wconf 70' lang='lat' dir='ltr'>codices</span> <span class='ocrx_word' id='word_1_32' title='bbox 1263 557 1373 592; x_wconf 90' lang='lat' dir='ltr'>tum</span> <span class='ocrx_word' id='word_1_33' title='bbox 1419 542 1478 594; x_wconf 92' lang='lat' dir='ltr'>M</span> <span class='ocrx_word' id='word_1_34' title='bbox 1502 545 1528 592; x_wconf 82' lang='lat' dir='ltr'>S</span> <span class='ocrx_word' id='word_1_35' title='bbox 1549 543 1595 595; x_wconf 87' lang='lat' dir='ltr'>S.</span> <span class='ocrx_word' id='word_1_36' title='bbox 1629 558 1738 592; x_wconf 90' lang='lat' dir='ltr'>tum</span> <span class='ocrx_word' id='word_1_37' title='bbox 1768 545 1897 594; x_wconf 79' lang='lat' dir='ltr'>editi</span> <span class='ocrx_word' id='word_1_38' title='bbox 1931 547 2030 598; x_wconf 80' lang='lat' dir='ltr'>dis-</span> 
     </span>
     <span class='ocr_line' id='line_1_5' title="bbox 299 613 2030 691; baseline 0.001 -23"><span class='ocrx_word' id='word_1_39' title='bbox 299 632 517 691; x_wconf 85' lang='lat' dir='ltr'>crepent</span> <span class='ocrx_word' id='word_1_40' title='bbox 549 660 563 682; x_wconf 83' lang='lat'>‚</span> <span class='ocrx_word' id='word_1_41' title='bbox 614 618 665 667; x_wconf 87' lang='lat' dir='ltr'>in</span> <span class='ocrx_word' id='word_1_42' title='bbox 713 616 900 687; x_wconf 81' lang='lat' dir='ltr'>quibus</span> <span class='ocrx_word' id='word_1_43' title='bbox 940 613 1129 689; x_wconf 78' lang='lat' dir='ltr'>legitur</span> <span class='ocrx_word' id='word_1_44' title='bbox 1167 638 1200 673; x_wconf 91' lang='lat' dir='ltr'>c</span> <span class='ocrx_word' id='word_1_45' title='bbox 1221 636 1252 672; x_wconf 91' lang='lat' dir='ltr'>c</span> <span class='ocrx_word' id='word_1_46' title='bbox 1275 636 1307 672; x_wconf 90' lang='lat' dir='ltr'>c</span> <span class='ocrx_word' id='word_1_47' title='bbox 1326 636 1359 672; x_wconf 90' lang='lat' dir='ltr'>c</span> <span class='ocrx_word' id='word_1_48' title='bbox 1379 636 1409 672; x_wconf 92' lang='lat' dir='ltr'>c</span> <span class='ocrx_word' id='word_1_49' title='bbox 1431 637 1460 672; x_wconf 84' lang='lat'>1.</span> <span class='ocrx_word' id='word_1_50' title='bbox 1482 636 1572 672; x_wconf 84' lang='lat' dir='ltr'>xx</span> <span class='ocrx_word' id='word_1_51' title='bbox 1589 637 1628 671; x_wconf 85' lang='lat' dir='ltr'>x</span> <span class='ocrx_word' id='word_1_52' title='bbox 1645 637 1700 672; x_wconf 90' lang='lat' dir='ltr'>v.</span> <span class='ocrx_word' id='word_1_53' title='bbox 1741 621 2030 671; x_wconf 69' lang='lat' dir='ltr'>centenarii</span> 
     </span>
     <span class='ocr_line' id='line_1_6' title="bbox 295 689 2029 765; baseline 0 -22"><span class='ocrx_word' id='word_1_54' title='bbox 295 707 422 744; x_wconf 85' lang='lat' dir='ltr'>nota</span> <span class='ocrx_word' id='word_1_55' title='bbox 450 691 695 742; x_wconf 89' lang='lat' dir='ltr'>videlicet</span> <span class='ocrx_word' id='word_1_56' title='bbox 719 689 1038 743; x_wconf 75' lang='lat' dir='ltr'>abundante.</span> <span class='ocrx_word' id='word_1_57' title='bbox 1105 693 1182 743; x_wconf 88' lang='lat' dir='ltr'>Eo</span> <span class='ocrx_word' id='word_1_58' title='bbox 1219 709 1357 743; x_wconf 81' lang='lat' dir='ltr'>certe</span> <span class='ocrx_word' id='word_1_59' title='bbox 1383 710 1522 744; x_wconf 88' lang='lat' dir='ltr'>anno</span> <span class='ocrx_word' id='word_1_60' title='bbox 1551 709 1710 765; x_wconf 88' lang='lat' dir='ltr'>quem</span> <span class='ocrx_word' id='word_1_61' title='bbox 1738 691 1995 744; x_wconf 84' lang='lat' dir='ltr'>edidimus</span> <span class='ocrx_word' id='word_1_62' title='bbox 2014 737 2029 761; x_wconf 80' lang='lat'>,</span> 
     </span>
     <span class='ocr_line' id='line_1_7' title="bbox 295 762 2032 840; baseline 0 -22"><span class='ocrx_word' id='word_1_63' title='bbox 295 764 552 819; x_wconf 84' lang='lat' dir='ltr'>Consules</span> <span class='ocrx_word' id='word_1_64' title='bbox 580 762 726 818; x_wconf 82' lang='lat' dir='ltr'>fuisse</span> <span class='ocrx_word' id='word_1_65' title='bbox 746 763 1135 840; x_wconf 71' lang='lat' dir='ltr'>QOgulnium</span> <span class='ocrx_word' id='word_1_66' title='bbox 1160 766 1377 820; x_wconf 85' lang='lat' dir='ltr'>Gallum</span> <span class='ocrx_word' id='word_1_67' title='bbox 1396 811 1409 833; x_wconf 88' lang='lat'>‚</span> <span class='ocrx_word' id='word_1_68' title='bbox 1436 773 1488 820; x_wconf 68' lang='grc' dir='ltr'>ὅ(</span> <span class='ocrx_word' id='word_1_69' title='bbox 1526 771 1591 823; x_wconf 90' lang='lat' dir='ltr'>C.</span> <span class='ocrx_word' id='word_1_70' title='bbox 1612 766 1827 821; x_wconf 85' lang='lat' dir='ltr'>Fabium</span> <span class='ocrx_word' id='word_1_71' title='bbox 1856 769 2032 820; x_wconf 62' lang='lat' dir='ltr'>Pic&#39;ko-</span> 
     </span>
     <span class='ocr_line' id='line_1_8' title="bbox 293 839 2030 914; baseline 0.002 -22"><span class='ocrx_word' id='word_1_72' title='bbox 293 858 432 909; x_wconf 87' lang='lat' dir='ltr'>rem,</span> <span class='ocrx_word' id='word_1_73' title='bbox 463 839 599 894; x_wconf 79' lang='lat' dir='ltr'>Fasti</span> <span class='ocrx_word' id='word_1_74' title='bbox 625 843 972 891; x_wconf 80' lang='lat' dir='ltr'>accuratiores</span> <span class='ocrx_word' id='word_1_75' title='bbox 1002 840 1246 895; x_wconf 84' lang='lat' dir='ltr'>tradunt:</span> <span class='ocrx_word' id='word_1_76' title='bbox 1273 859 1371 894; x_wconf 89' lang='lat' dir='ltr'>nec</span> <span class='ocrx_word' id='word_1_77' title='bbox 1398 846 1608 914; x_wconf 87' lang='lat' dir='ltr'>quintus</span> <span class='ocrx_word' id='word_1_78' title='bbox 1636 857 1753 894; x_wconf 88' lang='lat' dir='ltr'>ante</span> <span class='ocrx_word' id='word_1_79' title='bbox 1774 844 2030 896; x_wconf 88' lang='lat' dir='ltr'>Punicum</span> 
     </span>
     <span class='ocr_line' id='line_1_9' title="bbox 297 914 2028 990; baseline 0.002 -23"><span class='ocrx_word' id='word_1_80' title='bbox 297 914 492 969; x_wconf 87' lang='lat' dir='ltr'>bellum</span> <span class='ocrx_word' id='word_1_81' title='bbox 524 917 743 988; x_wconf 89' lang='lat' dir='ltr'>primum</span> <span class='ocrx_word' id='word_1_82' title='bbox 766 932 929 965; x_wconf 85' lang='lat' dir='ltr'>annus</span> <span class='ocrx_word' id='word_1_83' title='bbox 956 915 1080 966; x_wconf 85' lang='lat' dir='ltr'>alius</span> <span class='ocrx_word' id='word_1_84' title='bbox 1101 915 1201 968; x_wconf 77' lang='lat' dir='ltr'>esse</span> <span class='ocrx_word' id='word_1_85' title='bbox 1223 917 1396 989; x_wconf 88' lang='lat' dir='ltr'>potest</span> <span class='ocrx_word' id='word_1_86' title='bbox 1414 915 1482 968; x_wconf 91' lang='lat' dir='ltr'>ab</span> <span class='ocrx_word' id='word_1_87' title='bbox 1502 934 1566 969; x_wconf 89' lang='lat' dir='ltr'>eo</span> <span class='ocrx_word' id='word_1_88' title='bbox 1604 935 1758 990; x_wconf 86' lang='lat' dir='ltr'>quem</span> <span class='ocrx_word' id='word_1_89' title='bbox 1789 917 2028 972; x_wconf 84' lang='lat' dir='ltr'>diximuS.</span> 
     </span>
     <span class='ocr_line' id='line_1_10' title="bbox 293 988 2029 1063; baseline -0.002 -20"><span class='ocrx_word' id='word_1_90' title='bbox 293 993 549 1063; x_wconf 86' lang='lat' dir='ltr'>Denique</span> <span class='ocrx_word' id='word_1_91' title='bbox 568 993 618 1042; x_wconf 92' lang='lat' dir='ltr'>in</span> <span class='ocrx_word' id='word_1_92' title='bbox 638 988 818 1043; x_wconf 74' lang='lat' dir='ltr'>Chiffl.</span> <span class='ocrx_word' id='word_1_93' title='bbox 840 988 959 1043; x_wconf 89' lang='lat' dir='ltr'>cod.</span> <span class='ocrx_word' id='word_1_94' title='bbox 980 989 1015 1041; x_wconf 88' lang='lat' dir='ltr'>fi</span> <span class='ocrx_word' id='word_1_95' title='bbox 1034 991 1289 1044; x_wconf 88' lang='lat' dir='ltr'>credimus</span> <span class='ocrx_word' id='word_1_96' title='bbox 1314 994 1399 1047; x_wconf 89' lang='lat' dir='ltr'>Cl.</span> <span class='ocrx_word' id='word_1_97' title='bbox 1420 991 1693 1049; x_wconf 88' lang='lat' dir='ltr'>Chiffietio</span> <span class='ocrx_word' id='word_1_98' title='bbox 1710 1037 1724 1058; x_wconf 80' lang='lat'>,</span> <span class='ocrx_word' id='word_1_99' title='bbox 1746 992 1835 1046; x_wconf 84' lang='lat' dir='ltr'>lib.</span> <span class='ocrx_word' id='word_1_100' title='bbox 1858 995 1924 1044; x_wconf 91' lang='lat' dir='ltr'>de</span> <span class='ocrx_word' id='word_1_101' title='bbox 1938 1011 2029 1044; x_wconf 86' lang='lat' dir='ltr'>an..</span> 
     </span>
     <span class='ocr_line' id='line_1_11' title="bbox 295 1064 1999 1143; baseline 0.004 -26"><span class='ocrx_word' id='word_1_102' title='bbox 295 1068 387 1139; x_wconf 85' lang='lat' dir='ltr'>tiq.</span> <span class='ocrx_word' id='word_1_103' title='bbox 424 1083 565 1120; x_wconf 87' lang='lat' dir='ltr'>num.</span> <span class='ocrx_word' id='word_1_104' title='bbox 597 1083 712 1140; x_wconf 84' lang='lat' dir='ltr'>cap.</span> <span class='ocrx_word' id='word_1_105' title='bbox 752 1085 781 1118; x_wconf 95' lang='lat' dir='ltr'>v</span> <span class='ocrx_word' id='word_1_106' title='bbox 802 1085 876 1118; x_wconf 86' lang='lat'>11.</span> <span class='ocrx_word' id='word_1_107' title='bbox 902 1083 1018 1139; x_wconf 84' lang='lat' dir='ltr'>pag.</span> <span class='ocrx_word' id='word_1_108' title='bbox 1055 1087 1120 1139; x_wconf 78' lang='lat'>55.</span> <span class='ocrx_word' id='word_1_109' title='bbox 1158 1064 1344 1121; x_wconf 86' lang='lat' dir='ltr'>diserte</span> <span class='ocrx_word' id='word_1_110' title='bbox 1375 1069 1594 1143; x_wconf 84' lang='lat' dir='ltr'>legitur,</span> <span class='ocrx_word' id='word_1_111' title='bbox 1619 1086 1999 1125; x_wconf 82' lang='lat' dir='ltr'>ccchxxxv.</span> 
     </span>
    </p>
   </div>
   <div class='ocr_carea' id='block_1_2' title="bbox 517 1182 1780 1260">
    <p class='ocr_par' dir='ltr' id='par_1_2' title="bbox 517 1182 1780 1260">
     <span class='ocr_line' id='line_1_12' title="bbox 517 1182 1780 1260; baseline 0.006 -26"><span class='ocrx_word' id='word_1_112' title='bbox 517 1188 764 1260; x_wconf 74' lang='lat' dir='ltr'>Qinque</span> <span class='ocrx_word' id='word_1_113' title='bbox 784 1191 925 1235; x_wconf 60' lang='lat' dir='ltr'>annis</span> <span class='ocrx_word' id='word_1_114' title='bbox 949 1197 1069 1235; x_wconf 79' lang='lat' dir='ltr'>ante</span> <span class='ocrx_word' id='word_1_115' title='bbox 1095 1182 1271 1239; x_wconf 82' lang='lat' dir='ltr'><em>bellum</em></span> <span class='ocrx_word' id='word_1_116' title='bbox 1290 1192 1499 1255; x_wconf 84' lang='lat' dir='ltr'>primum</span> <span class='ocrx_word' id='word_1_117' title='bbox 1521 1190 1780 1241; x_wconf 79' lang='lat' dir='ltr'>Punicum.</span> 
     </span>
    </p>
   </div>
   <div class='ocr_carea' id='block_1_3' title="bbox 291 1291 2027 1960">
    <p class='ocr_par' dir='ltr' id='par_1_3' title="bbox 291 1291 2027 1960">
     <span class='ocr_line' id='line_1_13' title="bbox 369 1291 2026 1367; baseline 0.001 -22"><span class='ocrx_word' id='word_1_118' title='bbox 369 1293 515 1359; x_wconf 86' lang='lat' dir='ltr'>Sive,</span> <span class='ocrx_word' id='word_1_119' title='bbox 537 1292 684 1364; x_wconf 87' lang='lat' dir='ltr'>quod</span> <span class='ocrx_word' id='word_1_120' title='bbox 711 1292 896 1344; x_wconf 88' lang='lat' dir='ltr'>eodem</span> <span class='ocrx_word' id='word_1_121' title='bbox 926 1291 1091 1344; x_wconf 87' lang='lat' dir='ltr'>ferme</span> <span class='ocrx_word' id='word_1_122' title='bbox 1123 1293 1333 1359; x_wconf 87' lang='lat' dir='ltr'>recidit,</span> <span class='ocrx_word' id='word_1_123' title='bbox 1365 1311 1423 1346; x_wconf 88' lang='lat' dir='ltr'>ut</span> <span class='ocrx_word' id='word_1_124' title='bbox 1450 1295 1623 1348; x_wconf 90' lang='lat' dir='ltr'>Livius</span> <span class='ocrx_word' id='word_1_125' title='bbox 1651 1298 1727 1348; x_wconf 85' lang='lat' dir='ltr'>a‘1&#39;t</span> <span class='ocrx_word' id='word_1_126' title='bbox 1755 1295 1804 1344; x_wconf 90' lang='lat' dir='ltr'>in</span> <span class='ocrx_word' id='word_1_127' title='bbox 1837 1294 2026 1367; x_wconf 67' lang='lat' dir='ltr'>Epit0-&#39;</span> 
     </span>
     <span class='ocr_line' id='line_1_14' title="bbox 294 1366 2025 1439; baseline -0.001 -20"><span class='ocrx_word' id='word_1_128' title='bbox 294 1383 380 1420; x_wconf 84' lang='lat' dir='ltr'>me</span> <span class='ocrx_word' id='word_1_129' title='bbox 409 1366 526 1419; x_wconf 88' lang='lat' dir='ltr'>libri</span> <span class='ocrx_word' id='word_1_130' title='bbox 552 1386 584 1419; x_wconf 88' lang='lat' dir='ltr'>x</span> <span class='ocrx_word' id='word_1_131' title='bbox 601 1386 645 1421; x_wconf 93' lang='lat' dir='ltr'>v.</span> <span class='ocrx_word' id='word_1_132' title='bbox 673 1376 734 1423; x_wconf 93' lang='lat' dir='ltr'><em>V</em></span> <span class='ocrx_word' id='word_1_133' title='bbox 731 1368 835 1420; x_wconf 66' lang='lat' dir='ltr'>iflis</span> <span class='ocrx_word' id='word_1_134' title='bbox 866 1374 1154 1421; x_wconf 56' lang='lat' dir='ltr'>Tarentinis</span> <span class='ocrx_word' id='word_1_135' title='bbox 1181 1411 1219 1424; x_wconf 88' lang='lat'>..</span> <span class='ocrx_word' id='word_1_136' title='bbox 1244 1412 1254 1424; x_wconf 87' lang='lat'><strong>.</strong></span> <span class='ocrx_word' id='word_1_137' title='bbox 1277 1411 1288 1423; x_wconf 91' lang='lat'><strong>.</strong></span> <span class='ocrx_word' id='word_1_138' title='bbox 1324 1383 1437 1423; x_wconf 87' lang='lat' dir='ltr'>tunc</span> <span class='ocrx_word' id='word_1_139' title='bbox 1450 1380 1660 1439; x_wconf 74' lang='lat' dir='ltr'>primum</span> <span class='ocrx_word' id='word_1_140' title='bbox 1681 1369 1885 1438; x_wconf 55' lang='lat' dir='ltr'>populuss</span> <span class='ocrx_word' id='word_1_141' title='bbox 1918 1377 2025 1424; x_wconf 75' lang='lat' dir='ltr'>Ro-</span> 
     </span>
     <span class='ocr_line' id='line_1_15' title="bbox 292 1443 2022 1520; baseline 0.003 -25"><span class='ocrx_word' id='word_1_142' title='bbox 292 1460 467 1495; x_wconf 72' lang='lat' dir='ltr'>manus·</span> <span class='ocrx_word' id='word_1_143' title='bbox 498 1457 700 1517; x_wconf 75' lang='lat' dir='ltr'>argento</span> <span class='ocrx_word' id='word_1_144' title='bbox 732 1451 807 1495; x_wconf 77' lang='lat' dir='ltr'>uti</span> <span class='ocrx_word' id='word_1_145' title='bbox 851 1454 995 1511; x_wconf 80' lang='lat' dir='ltr'>coepz&#39;t.</span> <span class='ocrx_word' id='word_1_146' title='bbox 1033 1447 1204 1498; x_wconf 89' lang='lat' dir='ltr'>Varro</span> <span class='ocrx_word' id='word_1_147' title='bbox 1237 1460 1412 1497; x_wconf 88' lang='lat' dir='ltr'>tamen</span> <span class='ocrx_word' id='word_1_148' title='bbox 1441 1445 1582 1520; x_wconf 90' lang='lat' dir='ltr'>apud</span> <span class='ocrx_word' id='word_1_149' title='bbox 1624 1445 1823 1500; x_wconf 85' lang='lat' dir='ltr'>Charis.</span> <span class='ocrx_word' id='word_1_150' title='bbox 1860 1443 1947 1499; x_wconf 83' lang='lat' dir='ltr'>lib.</span> <span class='ocrx_word' id='word_1_151' title='bbox 1985 1467 2022 1500; x_wconf 90' lang='lat'>1.</span> 
     </span>
     <span class='ocr_line' id='line_1_16' title="bbox 294 1517 2023 1595; baseline 0 -23"><span class='ocrx_word' id='word_1_152' title='bbox 294 1520 486 1572; x_wconf 86' lang='lat' dir='ltr'>Annal.</span> <span class='ocrx_word' id='word_1_153' title='bbox 513 1518 580 1569; x_wconf 89' lang='lat' dir='ltr'>fic</span> <span class='ocrx_word' id='word_1_154' title='bbox 602 1517 826 1592; x_wconf 84' lang='lat' dir='ltr'>scripsit:</span> <span class='ocrx_word' id='word_1_155' title='bbox 860 1529 1137 1576; x_wconf 80' lang='lat' dir='ltr'><em>Nummum</em></span> <span class='ocrx_word' id='word_1_156' title='bbox 1155 1535 1438 1595; x_wconf 77' lang='lat' dir='ltr'>argenteum</span> <span class='ocrx_word' id='word_1_157' title='bbox 1468 1520 1730 1590; x_wconf 79' lang='lat' dir='ltr'>conflatum</span> <span class='ocrx_word' id='word_1_158' title='bbox 1744 1527 1954 1590; x_wconf 79' lang='lat' dir='ltr'>primum</span> <span class='ocrx_word' id='word_1_159' title='bbox 1984 1538 2023 1572; x_wconf 73' lang='lat' dir='ltr'><em>a</em></span> 
     </span>
     <span class='ocr_line' id='line_1_17' title="bbox 293 1592 2024 1665; baseline -0.002 -17"><span class='ocrx_word' id='word_1_160' title='bbox 293 1599 395 1648; x_wconf 86' lang='lat' dir='ltr'>Ser.</span> <span class='ocrx_word' id='word_1_161' title='bbox 416 1592 586 1647; x_wconf 71' lang='lat' dir='ltr'>Tullio</span> <span class='ocrx_word' id='word_1_162' title='bbox 610 1593 785 1648; x_wconf 78' lang='lat' dir='ltr'>dicunt.</span> <span class='ocrx_word' id='word_1_163' title='bbox 822 1595 922 1648; x_wconf 86' lang='lat' dir='ltr'>Sed</span> <span class='ocrx_word' id='word_1_164' title='bbox 949 1595 1045 1646; x_wconf 86' lang='lat' dir='ltr'>hac</span> <span class='ocrx_word' id='word_1_165' title='bbox 1066 1595 1319 1665; x_wconf 87' lang='lat' dir='ltr'>loquendi</span> <span class='ocrx_word' id='word_1_166' title='bbox 1351 1596 1521 1662; x_wconf 84' lang='lat' dir='ltr'>forma</span> <span class='ocrx_word' id='word_1_167' title='bbox 1543 1594 1790 1648; x_wconf 83' lang='lat' dir='ltr'>obscuros</span> <span class='ocrx_word' id='word_1_168' title='bbox 1817 1595 1918 1650; x_wconf 83' lang='lat' dir='ltr'>effe</span> <span class='ocrx_word' id='word_1_169' title='bbox 1946 1595 2024 1647; x_wconf 87' lang='lat' dir='ltr'>fa-</span> 
     </span>
     <span class='ocr_line' id='line_1_18' title="bbox 292 1667 2026 1743; baseline 0.001 -23"><span class='ocrx_word' id='word_1_170' title='bbox 292 1686 390 1721; x_wconf 80' lang='lat' dir='ltr'>mae</span> <span class='ocrx_word' id='word_1_171' title='bbox 413 1667 544 1720; x_wconf 89' lang='lat' dir='ltr'>illius</span> <span class='ocrx_word' id='word_1_172' title='bbox 567 1671 805 1720; x_wconf 52' lang='lat' dir='ltr'>auctores</span> <span class='ocrx_word' id='word_1_173' title='bbox 832 1668 1099 1741; x_wconf 76' lang='lat' dir='ltr'>fignificat.</span> <span class='ocrx_word' id='word_1_174' title='bbox 1124 1671 1245 1724; x_wconf 88' lang='lat' dir='ltr'>Scio</span> <span class='ocrx_word' id='word_1_175' title='bbox 1265 1671 1332 1723; x_wconf 93' lang='lat' dir='ltr'>T.</span> <span class='ocrx_word' id='word_1_176' title='bbox 1356 1673 1574 1723; x_wconf 88' lang='lat' dir='ltr'>Minucii</span> <span class='ocrx_word' id='word_1_177' title='bbox 1599 1673 1853 1743; x_wconf 84' lang='lat' dir='ltr'>Augurini</span> <span class='ocrx_word' id='word_1_178' title='bbox 1871 1688 2026 1722; x_wconf 87' lang='lat' dir='ltr'>num-</span> 
     </span>
     <span class='ocr_line' id='line_1_19' title="bbox 293 1739 2027 1817; baseline -0.002 -21"><span class='ocrx_word' id='word_1_179' title='bbox 293 1761 438 1796; x_wconf 84' lang='lat' dir='ltr'>mum</span> <span class='ocrx_word' id='word_1_180' title='bbox 468 1742 721 1817; x_wconf 90' lang='lat' dir='ltr'>proferri:</span> <span class='ocrx_word' id='word_1_181' title='bbox 755 1739 839 1795; x_wconf 87' lang='lat' dir='ltr'>sed</span> <span class='ocrx_word' id='word_1_182' title='bbox 866 1743 971 1814; x_wconf 84' lang='lat' dir='ltr'>ejus</span> <span class='ocrx_word' id='word_1_183' title='bbox 1001 1739 1103 1794; x_wconf 86' lang='lat' dir='ltr'>esse</span> <span class='ocrx_word' id='word_1_184' title='bbox 1130 1760 1270 1816; x_wconf 80' lang='lat' dir='ltr'>nego</span> <span class='ocrx_word' id='word_1_185' title='bbox 1300 1747 1389 1814; x_wconf 85' lang='lat' dir='ltr'>qui</span> <span class='ocrx_word' id='word_1_186' title='bbox 1426 1744 1626 1798; x_wconf 88' lang='lat' dir='ltr'>Consul</span> <span class='ocrx_word' id='word_1_187' title='bbox 1652 1742 1751 1795; x_wconf 89' lang='lat' dir='ltr'>fuit</span> <span class='ocrx_word' id='word_1_188' title='bbox 1781 1760 1902 1796; x_wconf 89' lang='lat' dir='ltr'>ante</span> <span class='ocrx_word' id='word_1_189' title='bbox 1933 1763 2027 1797; x_wconf 87' lang='lat' dir='ltr'>an-</span> 
     </span>
     <span class='ocr_line' id='line_1_20' title="bbox 293 1816 2026 1892; baseline 0.002 -23"><span class='ocrx_word' id='word_1_190' title='bbox 293 1835 390 1869; x_wconf 86' lang='lat' dir='ltr'>nos</span> <span class='ocrx_word' id='word_1_191' title='bbox 433 1818 539 1871; x_wconf 90' lang='lat' dir='ltr'>fere</span> <span class='ocrx_word' id='word_1_192' title='bbox 564 1836 670 1873; x_wconf 84' lang='lat' dir='ltr'>XL.</span> <span class='ocrx_word' id='word_1_193' title='bbox 716 1835 872 1889; x_wconf 87' lang='lat' dir='ltr'>quam</span> <span class='ocrx_word' id='word_1_194' title='bbox 904 1831 1139 1890; x_wconf 83' lang='lat' dir='ltr'>coeptum</span> <span class='ocrx_word' id='word_1_195' title='bbox 1169 1816 1270 1870; x_wconf 90' lang='lat' dir='ltr'>fuit</span> <span class='ocrx_word' id='word_1_196' title='bbox 1307 1821 1563 1873; x_wconf 86' lang='lat' dir='ltr'>Punicum</span> <span class='ocrx_word' id='word_1_197' title='bbox 1597 1817 1809 1874; x_wconf 83' lang='lat' dir='ltr'>bellum.</span> <span class='ocrx_word' id='word_1_198' title='bbox 1853 1819 2026 1892; x_wconf 76' lang='lat' dir='ltr'>Cujus</span> 
     </span>
     <span class='ocr_line' id='line_1_21' title="bbox 291 1890 1289 1960; baseline 0 -16"><span class='ocrx_word' id='word_1_199' title='bbox 291 1890 358 1944; x_wconf 77' lang='lat' dir='ltr'>fit</span> <span class='ocrx_word' id='word_1_200' title='bbox 379 1907 554 1946; x_wconf 87' lang='lat' dir='ltr'>autem</span> <span class='ocrx_word' id='word_1_201' title='bbox 571 1909 814 1944; x_wconf 84' lang='lat' dir='ltr'>nummus</span> <span class='ocrx_word' id='word_1_202' title='bbox 841 1891 927 1943; x_wconf 93' lang='lat' dir='ltr'>ille</span> <span class='ocrx_word' id='word_1_203' title='bbox 944 1935 958 1960; x_wconf 85' lang='lat'>,</span> <span class='ocrx_word' id='word_1_204' title='bbox 991 1890 1289 1949; x_wconf 85' lang='lat' dir='ltr'>obscurum.</span> 
     </span>
    </p>
   </div>
   <div class='ocr_carea' id='block_1_4' title="bbox 579 2010 1738 2084">
    <p class='ocr_par' dir='ltr' id='par_1_4' title="bbox 579 2010 1738 2084">
     <span class='ocr_line' id='line_1_22' title="bbox 579 2010 1738 2084; baseline 0.003 -17"><span class='ocrx_word' id='word_1_205' title='bbox 579 2021 647 2067; x_wconf 85' lang='lat' dir='ltr'>Et</span> <span class='ocrx_word' id='word_1_206' title='bbox 667 2010 865 2082; x_wconf 79' lang='lat' dir='ltr'>placuit</span> <span class='ocrx_word' id='word_1_207' title='bbox 883 2011 1135 2066; x_wconf 81' lang='lat' dir='ltr'>denarium</span> <span class='ocrx_word' id='word_1_208' title='bbox 1151 2026 1242 2084; x_wconf 83' lang='lat' dir='ltr'>pro</span> <span class='ocrx_word' id='word_1_209' title='bbox 1269 2016 1429 2070; x_wconf 83' lang='lat' dir='ltr'>decem</span> <span class='ocrx_word' id='word_1_210' title='bbox 1451 2011 1587 2068; x_wconf 76' lang='lat' dir='ltr'>libris</span> <span class='ocrx_word' id='word_1_211' title='bbox 1616 2026 1738 2072; x_wconf 65' lang='lat' dir='ltr'>aerh.</span> 
     </span>
    </p>
   </div>
   <div class='ocr_carea' id='block_1_5' title="bbox 286 2117 2043 3172">
    <p class='ocr_par' dir='ltr' id='par_1_5' title="bbox 286 2117 2043 3172">
     <span class='ocr_line' id='line_1_23' title="bbox 364 2117 2017 2196; baseline 0.006 -22"><span class='ocrx_word' id='word_1_212' title='bbox 364 2119 709 2196; x_wconf 83' lang='lat' dir='ltr'>Subintellige</span> <span class='ocrx_word' id='word_1_213' title='bbox 728 2165 742 2189; x_wconf 86' lang='lat'>,</span> <span class='ocrx_word' id='word_1_214' title='bbox 757 2117 859 2175; x_wconf 86' lang='lat' dir='ltr'>esse</span> <span class='ocrx_word' id='word_1_215' title='bbox 876 2165 888 2189; x_wconf 89' lang='lat'>,</span> <span class='ocrx_word' id='word_1_216' title='bbox 907 2122 989 2174; x_wconf 88' lang='lat' dir='ltr'>vel</span> <span class='ocrx_word' id='word_1_217' title='bbox 1008 2127 1294 2196; x_wconf 88' lang='lat' dir='ltr'>permutari</span> <span class='ocrx_word' id='word_1_218' title='bbox 1313 2169 1328 2192; x_wconf 88' lang='lat'>,</span> <span class='ocrx_word' id='word_1_219' title='bbox 1346 2140 1404 2177; x_wconf 88' lang='lat' dir='ltr'>ut</span> <span class='ocrx_word' id='word_1_220' title='bbox 1418 2122 1569 2180; x_wconf 87' lang='lat' dir='ltr'>infra.</span> <span class='ocrx_word' id='word_1_221' title='bbox 1597 2126 1680 2181; x_wconf 89' lang='lat' dir='ltr'>Sic</span> <span class='ocrx_word' id='word_1_222' title='bbox 1700 2126 1836 2178; x_wconf 91' lang='lat' dir='ltr'>enim</span> <span class='ocrx_word' id='word_1_223' title='bbox 1858 2126 2017 2184; x_wconf 85' lang='lat' dir='ltr'><strong>MSS.</strong></span> 
     </span>
     <span class='ocr_line' id='line_1_24' title="bbox 292 2195 2026 2275; baseline 0.002 -29"><span class='ocrx_word' id='word_1_224' title='bbox 292 2198 429 2268; x_wconf 85' lang='lat' dir='ltr'>Reg.</span> <span class='ocrx_word' id='word_1_225' title='bbox 454 2219 495 2250; x_wconf 89' lang='lat'>2.</span> <span class='ocrx_word' id='word_1_226' title='bbox 530 2201 584 2250; x_wconf 85' lang='lat'>&amp;</span> <span class='ocrx_word' id='word_1_227' title='bbox 607 2198 718 2253; x_wconf 86' lang='lat' dir='ltr'>alii:</span> <span class='ocrx_word' id='word_1_228' title='bbox 750 2215 860 2249; x_wconf 89' lang='lat' dir='ltr'>non</span> <span class='ocrx_word' id='word_1_229' title='bbox 883 2195 1143 2267; x_wconf 80' lang='lat' dir='ltr'>denarius,</span> <span class='ocrx_word' id='word_1_230' title='bbox 1169 2199 1252 2252; x_wconf 90' lang='lat' dir='ltr'>vel</span> <span class='ocrx_word' id='word_1_231' title='bbox 1284 2207 1543 2272; x_wconf 78' lang='lat' dir='ltr'>quinarius</span> <span class='ocrx_word' id='word_1_232' title='bbox 1562 2242 1578 2264; x_wconf 90' lang='lat'><em>,</em></span> <span class='ocrx_word' id='word_1_233' title='bbox 1603 2216 1661 2253; x_wconf 91' lang='lat' dir='ltr'>ut</span> <span class='ocrx_word' id='word_1_234' title='bbox 1691 2200 1847 2255; x_wconf 89' lang='lat' dir='ltr'>editi:</span> <span class='ocrx_word' id='word_1_235' title='bbox 1887 2221 2026 2275; x_wconf 86' lang='lat' dir='ltr'>quo-</span> 
     </span>
     <span class='ocr_line' id='line_1_25' title="bbox 290 2271 2027 2351; baseline 0.004 -27"><span class='ocrx_word' id='word_1_236' title='bbox 290 2289 408 2324; x_wconf 88' lang='lat' dir='ltr'>rum</span> <span class='ocrx_word' id='word_1_237' title='bbox 446 2271 530 2324; x_wconf 89' lang='lat' dir='ltr'>vel</span> <span class='ocrx_word' id='word_1_238' title='bbox 560 2288 624 2324; x_wconf 85' lang='lat' dir='ltr'>ex</span> <span class='ocrx_word' id='word_1_239' title='bbox 656 2289 720 2324; x_wconf 93' lang='lat' dir='ltr'>eo</span> <span class='ocrx_word' id='word_1_240' title='bbox 753 2289 899 2325; x_wconf 87' lang='lat' dir='ltr'>error</span> <span class='ocrx_word' id='word_1_241' title='bbox 938 2271 1234 2348; x_wconf 80' lang='lat' dir='ltr'>detegitur,</span> <span class='ocrx_word' id='word_1_242' title='bbox 1267 2277 1415 2349; x_wconf 87' lang='lat' dir='ltr'>quod</span> <span class='ocrx_word' id='word_1_243' title='bbox 1446 2279 1615 2330; x_wconf 86' lang='lat' dir='ltr'>statim</span> <span class='ocrx_word' id='word_1_244' title='bbox 1636 2276 1905 2351; x_wconf 63' lang='lat' dir='ltr'>sestertium</span> <span class='ocrx_word' id='word_1_245' title='bbox 1938 2276 2027 2331; x_wconf 84' lang='lat' dir='ltr'>vel</span> 
     </span>
     <span class='ocr_line' id='line_1_26' title="bbox 289 2346 2027 2426; baseline 0.004 -29"><span class='ocrx_word' id='word_1_246' title='bbox 289 2346 382 2419; x_wconf 83' lang='lat' dir='ltr'>ipsi</span> <span class='ocrx_word' id='word_1_247' title='bbox 405 2364 621 2419; x_wconf 87' lang='lat' dir='ltr'>quoque</span> <span class='ocrx_word' id='word_1_248' title='bbox 640 2347 833 2419; x_wconf 82' lang='lat' dir='ltr'>legant.</span> <span class='ocrx_word' id='word_1_249' title='bbox 854 2351 1020 2403; x_wconf 91' lang='lat' dir='ltr'>Porro</span> <span class='ocrx_word' id='word_1_250' title='bbox 1044 2350 1280 2403; x_wconf 88' lang='lat' dir='ltr'>denarius</span> <span class='ocrx_word' id='word_1_251' title='bbox 1302 2355 1572 2407; x_wconf 83' lang='lat' dir='ltr'>Romanus</span> <span class='ocrx_word' id='word_1_252' title='bbox 1590 2366 1895 2426; x_wconf 73' lang='lat' dir='ltr'>argenteUS,</span> <span class='ocrx_word' id='word_1_253' title='bbox 1925 2357 2027 2409; x_wconf 87' lang='lat' dir='ltr'>Fa-</span> 
     </span>
     <span class='ocr_line' id='line_1_27' title="bbox 291 2419 2023 2497; baseline 0.005 -26"><span class='ocrx_word' id='word_1_254' title='bbox 291 2419 361 2472; x_wconf 84' lang='lat' dir='ltr'>bii</span> <span class='ocrx_word' id='word_1_255' title='bbox 395 2423 618 2490; x_wconf 89' lang='lat' dir='ltr'>primum</span> <span class='ocrx_word' id='word_1_256' title='bbox 638 2465 652 2489; x_wconf 80' lang='lat'>‚</span> <span class='ocrx_word' id='word_1_257' title='bbox 682 2421 868 2474; x_wconf 91' lang='lat' dir='ltr'>deinde</span> <span class='ocrx_word' id='word_1_258' title='bbox 891 2427 945 2475; x_wconf 84' lang='lat'>&amp;</span> <span class='ocrx_word' id='word_1_259' title='bbox 967 2424 1185 2497; x_wconf 84' lang='lat' dir='ltr'>Augusti</span> <span class='ocrx_word' id='word_1_260' title='bbox 1212 2444 1355 2492; x_wconf 78' lang='lat' dir='ltr'>aeVO‚</span> <span class='ocrx_word' id='word_1_261' title='bbox 1389 2427 1421 2478; x_wconf 84' lang='lat' dir='ltr'>si</span> <span class='ocrx_word' id='word_1_262' title='bbox 1450 2445 1567 2478; x_wconf 90' lang='lat' dir='ltr'>cum</span> <span class='ocrx_word' id='word_1_263' title='bbox 1596 2441 1810 2478; x_wconf 90' lang='lat' dir='ltr'>moneta</span> <span class='ocrx_word' id='word_1_264' title='bbox 1844 2427 2023 2480; x_wconf 85' lang='lat' dir='ltr'>nostra</span> 
     </span>
     <span class='ocr_line' id='line_1_28' title="bbox 286 2491 2028 2573; baseline 0.005 -28"><span class='ocrx_word' id='word_1_265' title='bbox 286 2491 640 2570; x_wconf 55' lang='lat' dir='ltr'>pro&#39;batiffima</span> <span class='ocrx_word' id='word_1_266' title='bbox 660 2513 723 2548; x_wconf 85' lang='lat' dir='ltr'>ex</span> <span class='ocrx_word' id='word_1_267' title='bbox 747 2511 967 2567; x_wconf 72' lang='lat' dir='ltr'>argento</span> <span class='ocrx_word' id='word_1_268' title='bbox 995 2514 1350 2571; x_wconf 88' lang='lat' dir='ltr'>componatur</span> <span class='ocrx_word' id='word_1_269' title='bbox 1371 2544 1384 2567; x_wconf 85' lang='lat'>,</span> <span class='ocrx_word' id='word_1_270' title='bbox 1423 2499 1654 2573; x_wconf 81' lang='lat' dir='ltr'>legitima</span> <span class='ocrx_word' id='word_1_271' title='bbox 1682 2500 2028 2555; x_wconf 83' lang='lat' dir='ltr'>aestimatione</span> 
     </span>
     <span class='ocr_line' id='line_1_29' title="bbox 287 2568 2027 2648; baseline 0.003 -26"><span class='ocrx_word' id='word_1_272' title='bbox 287 2568 462 2623; x_wconf 86' lang='lat' dir='ltr'>valere</span> <span class='ocrx_word' id='word_1_273' title='bbox 492 2571 745 2622; x_wconf 82' lang='lat' dir='ltr'>dicendus</span> <span class='ocrx_word' id='word_1_274' title='bbox 775 2570 849 2622; x_wconf 92' lang='lat' dir='ltr'>est</span> <span class='ocrx_word' id='word_1_275' title='bbox 870 2568 995 2622; x_wconf 80' lang='lat' dir='ltr'>asses</span> <span class='ocrx_word' id='word_1_276' title='bbox 1025 2590 1184 2625; x_wconf 79' lang='lat' dir='ltr'>aereos</span> <span class='ocrx_word' id='word_1_277' title='bbox 1207 2577 1426 2626; x_wconf 89' lang='lat' dir='ltr'>omnino</span> <span class='ocrx_word' id='word_1_278' title='bbox 1449 2578 1668 2629; x_wconf 55' lang='lat' dir='ltr'>octonos</span> <span class='ocrx_word' id='word_1_279' title='bbox 1698 2601 1709 2630; x_wconf 72' lang='grc' dir='ltr'><strong><em>ι</em></strong></span> <span class='ocrx_word' id='word_1_280' title='bbox 1742 2578 2027 2648; x_wconf 76' lang='lat' dir='ltr'>quinariu5,</span> 
     </span>
     <span class='ocr_line' id='line_1_30' title="bbox 289 2641 2029 2720; baseline 0.005 -26"><span class='ocrx_word' id='word_1_281' title='bbox 289 2659 604 2717; x_wconf 83' lang='lat' dir='ltr'>quaternos:</span> <span class='ocrx_word' id='word_1_282' title='bbox 636 2641 923 2711; x_wconf 76' lang='lat' dir='ltr'>sestertiUS,</span> <span class='ocrx_word' id='word_1_283' title='bbox 954 2647 1121 2701; x_wconf 84' lang='lat' dir='ltr'>binos,</span> <span class='ocrx_word' id='word_1_284' title='bbox 1156 2650 1276 2702; x_wconf 91' lang='lat' dir='ltr'>Scio</span> <span class='ocrx_word' id='word_1_285' title='bbox 1312 2651 1379 2701; x_wconf 90' lang='lat' dir='ltr'>ab</span> <span class='ocrx_word' id='word_1_286' title='bbox 1408 2650 1620 2702; x_wconf 86' lang='lat' dir='ltr'>erudito</span> <span class='ocrx_word' id='word_1_287' title='bbox 1650 2653 1794 2718; x_wconf 80' lang='lat' dir='ltr'>vim,</span> <span class='ocrx_word' id='word_1_288' title='bbox 1828 2653 1881 2703; x_wconf 91' lang='lat' dir='ltr'>in</span> <span class='ocrx_word' id='word_1_289' title='bbox 1909 2652 2029 2720; x_wconf 41' lang='lat' dir='ltr'>Ma..</span> 
     </span>
     <span class='ocr_line' id='line_1_31' title="bbox 287 2719 2016 2799; baseline 0.006 -27"><span class='ocrx_word' id='word_1_290' title='bbox 287 2721 402 2792; x_wconf 81' lang='lat' dir='ltr'>stig.</span> <span class='ocrx_word' id='word_1_291' title='bbox 449 2740 466 2773; x_wconf 93' lang='lat'>1</span> <span class='ocrx_word' id='word_1_292' title='bbox 494 2740 538 2772; x_wconf 72' lang='grc' dir='ltr'>ι.</span> <span class='ocrx_word' id='word_1_293' title='bbox 569 2737 687 2793; x_wconf 82' lang='lat' dir='ltr'>pag.</span> <span class='ocrx_word' id='word_1_294' title='bbox 717 2739 777 2788; x_wconf 72' lang='lat'>31.</span> <span class='ocrx_word' id='word_1_295' title='bbox 805 2725 856 2772; x_wconf 87' lang='lat'>&amp;</span> <span class='ocrx_word' id='word_1_296' title='bbox 892 2719 1194 2790; x_wconf 81' lang='lat' dir='ltr'>Gassendo,</span> <span class='ocrx_word' id='word_1_297' title='bbox 1221 2726 1273 2775; x_wconf 90' lang='lat' dir='ltr'>in</span> <span class='ocrx_word' id='word_1_298' title='bbox 1294 2724 1587 2799; x_wconf 86' lang='lat' dir='ltr'>appendice</span> <span class='ocrx_word' id='word_1_299' title='bbox 1614 2726 1681 2776; x_wconf 89' lang='lat' dir='ltr'>ad</span> <span class='ocrx_word' id='word_1_300' title='bbox 1707 2741 1839 2781; x_wconf 89' lang='lat' dir='ltr'>tom.</span> <span class='ocrx_word' id='word_1_301' title='bbox 1881 2748 1899 2781; x_wconf 95' lang='lat'>1</span> <span class='ocrx_word' id='word_1_302' title='bbox 1925 2747 1942 2780; x_wconf 90' lang='lat'>1</span> <span class='ocrx_word' id='word_1_303' title='bbox 1969 2747 2016 2783; x_wconf 89' lang='lat'>1.</span> 
     </span>
     <span class='ocr_line' id='line_1_32' title="bbox 287 2793 2022 2875; baseline 0.006 -31"><span class='ocrx_word' id='word_1_304' title='bbox 287 2793 481 2850; x_wconf 86' lang='lat' dir='ltr'>Philos.</span> <span class='ocrx_word' id='word_1_305' title='bbox 504 2795 650 2866; x_wconf 87' lang='lat' dir='ltr'>Epic.</span> <span class='ocrx_word' id='word_1_306' title='bbox 676 2797 888 2845; x_wconf 85' lang='lat' dir='ltr'>minoris</span> <span class='ocrx_word' id='word_1_307' title='bbox 906 2796 1170 2851; x_wconf 84' lang='lat' dir='ltr'>aestimari:</span> <span class='ocrx_word' id='word_1_308' title='bbox 1199 2803 1468 2872; x_wconf 87' lang='lat' dir='ltr'>taxarique</span> <span class='ocrx_word' id='word_1_309' title='bbox 1489 2797 1672 2853; x_wconf 76' lang='lat' dir='ltr'>astibus</span> <span class='ocrx_word' id='word_1_310' title='bbox 1688 2815 1892 2853; x_wconf 83' lang='lat' dir='ltr'>tanturn</span> <span class='ocrx_word' id='word_1_311' title='bbox 1909 2798 2022 2875; x_wconf 87' lang='lat' dir='ltr'>sep-</span> 
     </span>
     <span class='ocr_line' id='line_1_33' title="bbox 289 2867 2022 2941; baseline 0.004 -20"><span class='ocrx_word' id='word_1_312' title='bbox 289 2871 423 2921; x_wconf 79' lang='lat' dir='ltr'>tenis</span> <span class='ocrx_word' id='word_1_313' title='bbox 446 2912 460 2935; x_wconf 87' lang='lat'>,</span> <span class='ocrx_word' id='word_1_314' title='bbox 488 2871 572 2921; x_wconf 83' lang='lat' dir='ltr'>vix</span> <span class='ocrx_word' id='word_1_315' title='bbox 604 2887 724 2921; x_wconf 88' lang='lat' dir='ltr'>cum</span> <span class='ocrx_word' id='word_1_316' title='bbox 755 2867 973 2924; x_wconf 81' lang='lat' dir='ltr'>semiffe:</span> <span class='ocrx_word' id='word_1_317' title='bbox 1010 2873 1058 2924; x_wconf 92' lang='lat' dir='ltr'><strong>A</strong></span> <span class='ocrx_word' id='word_1_318' title='bbox 1092 2874 1377 2926; x_wconf 86' lang='lat' dir='ltr'>Gronovio</span> <span class='ocrx_word' id='word_1_319' title='bbox 1396 2918 1410 2941; x_wconf 86' lang='lat'>,</span> <span class='ocrx_word' id='word_1_320' title='bbox 1439 2874 1528 2929; x_wconf 91' lang='lat' dir='ltr'>lib.</span> <span class='ocrx_word' id='word_1_321' title='bbox 1577 2896 1591 2928; x_wconf 92' lang='lat'>1</span> <span class='ocrx_word' id='word_1_322' title='bbox 1620 2896 1635 2928; x_wconf 95' lang='lat'>1</span> <span class='ocrx_word' id='word_1_323' title='bbox 1664 2896 1709 2929; x_wconf 92' lang='lat'>1.</span> <span class='ocrx_word' id='word_1_324' title='bbox 1749 2876 1816 2927; x_wconf 91' lang='lat' dir='ltr'>de</span> <span class='ocrx_word' id='word_1_325' title='bbox 1841 2872 2022 2935; x_wconf 78' lang='lat' dir='ltr'>sester-</span> 
     </span>
     <span class='ocr_line' id='line_1_34' title="bbox 290 2944 2043 3017; baseline 0.003 -23"><span class='ocrx_word' id='word_1_326' title='bbox 290 2946 366 2994; x_wconf 90' lang='lat' dir='ltr'>tio</span> <span class='ocrx_word' id='word_1_327' title='bbox 386 2989 400 3010; x_wconf 86' lang='lat'>,</span> <span class='ocrx_word' id='word_1_328' title='bbox 431 2961 549 3017; x_wconf 83' lang='lat' dir='ltr'>pag.</span> <span class='ocrx_word' id='word_1_329' title='bbox 585 2950 703 3015; x_wconf 85' lang='lat'><strong>384.</strong></span> <span class='ocrx_word' id='word_1_330' title='bbox 734 2944 818 2997; x_wconf 85' lang='lat' dir='ltr'>sex</span> <span class='ocrx_word' id='word_1_331' title='bbox 853 2946 1038 2999; x_wconf 86' lang='lat' dir='ltr'>affibus</span> <span class='ocrx_word' id='word_1_332' title='bbox 1067 2947 1402 3000; x_wconf 85' lang='lat' dir='ltr'>Hollandicis</span> <span class='ocrx_word' id='word_1_333' title='bbox 1422 2992 1434 3016; x_wconf 87' lang='lat'><em>‚</em></span> <span class='ocrx_word' id='word_1_334' title='bbox 1465 2949 1571 3002; x_wconf 91' lang='lat' dir='ltr'>hoc</span> <span class='ocrx_word' id='word_1_335' title='bbox 1612 2950 1718 3017; x_wconf 91' lang='lat' dir='ltr'>est,</span> <span class='ocrx_word' id='word_1_336' title='bbox 1743 2967 1773 3004; x_wconf 91' lang='lat' dir='ltr'>e</span> <span class='ocrx_word' id='word_1_337' title='bbox 1802 2950 2043 3016; x_wconf 77' lang='lat' dir='ltr'>nostris,-</span> 
     </span>
     <span class='ocr_line' id='line_1_35' title="bbox 289 3016 2021 3099; baseline 0.005 -32"><span class='ocrx_word' id='word_1_338' title='bbox 289 3017 469 3069; x_wconf 84' lang='lat' dir='ltr'>affibus</span> <span class='ocrx_word' id='word_1_339' title='bbox 498 3018 690 3092; x_wconf 89' lang='lat' dir='ltr'>septem</span> <span class='ocrx_word' id='word_1_340' title='bbox 709 3062 724 3086; x_wconf 80' lang='lat'>‚</span> <span class='ocrx_word' id='word_1_341' title='bbox 744 3016 913 3073; x_wconf 85' lang='lat' dir='ltr'>&amp;asse</span> <span class='ocrx_word' id='word_1_342' title='bbox 931 3022 1147 3074; x_wconf 87' lang='lat' dir='ltr'>dimidio</span> <span class='ocrx_word' id='word_1_343' title='bbox 1175 3026 1410 3097; x_wconf 82' lang='lat' dir='ltr'>integro:</span> <span class='ocrx_word' id='word_1_344' title='bbox 1440 3022 1529 3077; x_wconf 90' lang='lat' dir='ltr'>sed</span> <span class='ocrx_word' id='word_1_345' title='bbox 1554 3025 1619 3077; x_wconf 90' lang='lat' dir='ltr'>ad</span> <span class='ocrx_word' id='word_1_346' title='bbox 1653 3023 1888 3099; x_wconf 86' lang='lat' dir='ltr'>pondera</span> <span class='ocrx_word' id='word_1_347' title='bbox 1904 3041 2021 3079; x_wconf 84' lang='lat' dir='ltr'>mo-</span> 
     </span>
     <span class='ocr_line' id='line_1_36' title="bbox 288 3095 1800 3172; baseline 0.003 -27"><span class='ocrx_word' id='word_1_348' title='bbox 288 3106 525 3146; x_wconf 76' lang='lat' dir='ltr'>netatum</span> <span class='ocrx_word' id='word_1_349' title='bbox 552 3099 606 3149; x_wconf 85' lang='lat'>&amp;</span> <span class='ocrx_word' id='word_1_350' title='bbox 633 3096 799 3169; x_wconf 83' lang='lat' dir='ltr'>pretia</span> <span class='ocrx_word' id='word_1_351' title='bbox 831 3095 971 3150; x_wconf 89' lang='lat' dir='ltr'>haud</span> <span class='ocrx_word' id='word_1_352' title='bbox 998 3096 1278 3152; x_wconf 76' lang='lat' dir='ltr'>attendisse</span> <span class='ocrx_word' id='word_1_353' title='bbox 1306 3098 1421 3154; x_wconf 84' lang='lat' dir='ltr'>satis</span> <span class='ocrx_word' id='word_1_354' title='bbox 1443 3101 1479 3152; x_wconf 87' lang='lat' dir='ltr'>ii</span> <span class='ocrx_word' id='word_1_355' title='bbox 1514 3101 1770 3172; x_wconf 57' lang='lat' dir='ltr'>videntur.</span> <span class='ocrx_word' id='word_1_356' title='bbox 1798 3167 1800 3169; x_wconf 13' lang='grc' dir='ltr'><strong><em>ι</em></strong></span> 
     </span>
    </p>
   </div>
  </div>
 </body>
</html>
