2228 3428
284 181 386 240 190
744 168 1115 230 NUMMI
1176 174 1652 259 ANTIQUI

436 244 645 298 Theod.
674 248 753 300 tit.
786 265 819 299 x
840 269 857 302 1
878 265 924 301 x.
957 254 1044 303 De
1065 251 1327 326 inofficioso
1355 256 1564 324 Testam.
1600 257 1833 332 leg.111.
1852 259 2004 315 Com

431 317 532 367 cilii
555 319 969 380 Byzacenorum.

360 391 426 446 C.
455 392 520 446 C.
548 395 588 447 Ι.
619 396 693 448 Ι-Ι.
720 399 772 451 P.
807 400 867 451 A.
908 400 1135 476 Philippi
1162 405 1359 472 Patri3‚
1389 405 1440 456 in
1475 422 1584 476 quo
1614 405 1749 480 lupae
1778 408 2011 482 effigiesg

435 483 560 520 cum
595 472 830 524 Romulo
862 477 1144 551 Remoque
1168 479 1475 533 la&entibus
1496 505 1506 532 ε
1527 478 1692 552 qualis
1723 487 1775 535 &
1797 484 1848 535 in
1878 484 2011 536 alte-

432 558 494 593 ro
525 544 815 599 Commodi
850 553 1106 622 cernitur,
1140 572 1204 610 ex
1228 555 1415 609 eodem
1446 554 1677 609 Cimelio
1699 599 1714 623 ‚
1749 573 1864 608 cum
1900 562 2010 634 epi-

431 618 661 692 graphe,
699 622 760 675 C.
795 624 858 678 C.
888 627 928 679 I.
957 629 1037 682 H.
1069 631 1125 685 P.
1921 672 1923 674 -

359 691 534 748 COL.
572 696 636 750 A.
670 701 732 753 A.
763 701 908 755 HA.
951 705 1157 759 MET.
1196 704 1525 758 Treboniani
1560 722 1805 757 nummus
1826 750 1840 773 ,
1871 706 2013 780 apud

435 769 850 826 Mediobarbum
874 819 890 843 ‚
913 794 1031 852 pag.
1074 786 1206 850 360.
1237 782 1289 832 in
1320 799 1430 854 quo
1461 779 1695 833 labarum
1732 786 1786 833 &
1812 782 2015 854 aquilae.

436 845 737 899 Nummum
770 867 889 903 eum
924 852 990 903 fic
1016 857 1446 929 interpretamur,
1481 856 1691 912 Colonia
1720 856 1872 908 AElia
1900 864 2016 912 Au-

430 922 567 993 gusta
603 924 988 979 Hadrumetzna
1020 930 1355 1000 Metropolis,
1389 933 1677 1005 Byzacenae
1711 930 1935 999 scilicet,
1956 947 2016 985 ut

437 994 578 1062 dixi,
620 1003 919 1072 provinciae.
971 1005 1046 1057 Ex
1076 1024 1185 1078 quo
1219 1024 1492 1059 nummum
1527 1006 1748 1059 alterum
1780 1005 2013 1081 Philippi

434 1071 573 1146 Imp.
618 1077 668 1125 in
697 1094 805 1147 quo
839 1075 1001 1130 labari
1032 1083 1226 1153 pariter
1253 1079 1450 1155 {ignata
1477 1081 1673 1155 effigies
1700 1124 1715 1148 ‚
1744 1099 1862 1134 cum
1891 1081 2015 1156 lupa

436 1150 491 1199 &
514 1149 744 1220 gemellis
768 1195 782 1218 ‚
809 1152 1031 1207 coloniae
1062 1173 1253 1229 nempe
1281 1156 1538 1207 indicibus
1568 1199 1584 1223 ,
1629 1172 1789 1225 quem
1828 1155 1916 1207 ille
1946 1157 2016 1208 fic

434 1238 710 1295 perperam
741 1226 986 1294 exhibet,
1018 1248 1136 1303 pag.
1166 1251 1285 1300 349.
1322 1231 1369 1283 C
1390 1233 1442 1284 O
1462 1231 1522 1284 L.
1566 1233 1624 1283 M
1649 1231 1770 1286 AM
1793 1231 1913 1286 ET.
1941 1231 2010 1283 fic

433 1299 734 1350 emendabis
754 1344 766 1366 ‚
789 1303 836 1353 C
854 1304 906 1355 O
926 1302 986 1355 L.
1028 1307 1159 1358 HA.
1199 1306 1375 1358 MET.
1409 1308 1609 1376 Neque
1637 1321 1764 1357 vero
1790 1307 1842 1356 in
1864 1321 2016 1357 utro-

436 1389 542 1442 que
564 1390 782 1425 nummo
812 1393 875 1427 eo
902 1376 1004 1448 legi
1033 1379 1397 1451 probaverim,
1426 1377 1635 1433 Colonia
1666 1378 1815 1432 AElt'a
1834 1385 2017 1455 Augu-

421 1448 503 1516 sta
535 1448 826 1503 Hadriana
856 1453 1180 1508 Mercurialrzs
1214 1450 1526 1507 Thaenitana
1561 1494 1578 1516 ‚
1613 1458 1846 1525 quamvis
1873 1453 2018 1529 apud

434 1522 720 1576 Gruterum
753 1523 894 1599 legas
927 1572 939 1593 ‚
966 1545 1085 1601 pag.
1113 1535 1212 1599 363.
1251 1529 1682 1583 COLONIAE.
1728 1530 2016 1588 AELIAE.

435 1598 859 1655 AVGVSTAE.
909 1606 968 1658 M
995 1606 1031 1656 E
1052 1609 1100 1659 R
1119 1605 1228 1659 CV
1249 1607 1299 1659 R
1319 1607 1339 1657 Ι
1358 1607 1405 1658 A
1421 1605 1502 1658 LI
1522 1609 1569 1661 S.
1630 1605 2013 1660 THAENIT.

437 1677 745 1732 Praenomen
768 1679 906 1729 enim
933 1677 1090 1733 AEliae
1119 1681 1406 1734 Hadrianae
1424 1681 1476 1730 in
1499 1675 1710 1746 Africa,
1743 1678 2016 1752 peculiaris

434 1768 495 1804 ac
515 1758 726 1824 propria
750 1754 931 1808 Zamae
950 1756 1132 1828 Regiae
1158 1754 1275 1808 fuit.
1291 1754 1431 1810 Vide
1451 1755 1671 1808 eundem
1694 1755 2002 1822 Gruterum,

433 1845 553 1902 pag.
591 1849 623 1884 c
642 1847 675 1883 C
694 1847 726 1882 c
745 1848 776 1883 L
792 1848 830 1883 x
849 1849 865 1882 1
886 1849 940 1884 v.
974 1832 1113 1882 Binae
1135 1833 1185 1882 in
1208 1830 1313 1882 hoc
1330 1848 1550 1882 nummo
1566 1828 1756 1901 aquilae
1771 1873 1787 1897 ‚
1801 1829 2015 1883 Trebo-

438 1905 646 1955 nianum
677 1946 693 1971 ,
729 1903 1175 1979 Volufianumque
1204 1903 1364 1958 filium
1393 1949 1408 1974 ‚
1445 1904 1744 1957 consortem
1773 1907 2015 1979 Imperii,

434 1977 691 2032 indicant.

278 2061 484 2115 HAEI
507 2065 636 2112 ΩΝ.
684 2057 744 2110 In
775 2070 995 2106 nummo
1029 2053 1291 2109 Hadriani
1327 2071 1355 2107 e
1385 2055 1538 2108 Gaza
1571 2056 1741 2127 Regia
1767 2098 1783 2123 .,
1820 2058 1875 2108 in
1905 2074 2013 2129 quo

438 2131 685 2196 Parium,
717 2146 835 2203 pag.
873 2151 991 2186 200.
1023 2147 1293 2205 perperam
1328 2142 1584 2190 ΗΛΕῙΤ
1604 2144 1718 2189 ΩΝ
1750 2129 1876 2198 legit
1902 2156 1912 2184 ε
1954 2138 2009 2186 &

436 2204 568 2256 alter
600 2202 822 2275 ejusdem
852 2207 1108 2280 Principis
1125 2250 1139 2274 ,
1172 2208 1226 2258 in
1256 2226 1363 2279 quo
1381 2226 1487 2259 vox
1511 2226 1569 2260 ea
1598 2220 1647 2264 H
1669 2217 1711 2264 A
1728 2219 1800 2264 EI
1821 2218 1870 2265 Ω
1888 2221 1934 2264 Ν
1959 2209 2011 2258 in

439 2296 636 2331 corona
666 2279 872 2351 legitur.
899 2283 959 2334 In
988 2284 1160 2352 priore
1188 2281 1382 2352 Aquila
1414 2284 1605 2351 pariter
1622 2281 1870 2354 insculpta
1892 2283 2006 2353 ,Jo-

435 2354 509 2404 vis
524 2355 778 2425 armigera
795 2398 811 2420 ,
828 2370 985 2425 quem
1004 2355 1183 2406 Deum
1201 2354 1311 2407 Elei
1329 2357 1586 2428 praecipue
1614 2355 1839 2408 coluere.
1861 2358 2006 2410 Nam

434 2427 488 2479 in
517 2443 695 2479 eorum
719 2445 846 2501 agro
867 2431 917 2480 in
946 2429 1123 2500 primis
1153 2427 1395 2482 delubrum
1417 2429 1627 2501 Olympii
1654 2437 1800 2483 Iovis
1818 2471 1832 2491 ,
1867 2428 2006 2480 ludo-

436 2520 543 2553 rum
575 2500 810 2554 claritate
825 2502 978 2572 fastos
1004 2510 1200 2556 Graeciae
1234 2499 1523 2573 complexum
1555 2546 1571 2567 ,
1615 2521 1670 2557 ut
1713 2504 1901 2562 Plinius
1932 2508 2006 2558 a'i’t

437 2576 575 2629 libro
616 2598 699 2632 tv.
747 2579 861 2634 se&
906 2597 992 2631 v1.
1036 2579 1213 2631 Eidem
1244 2584 1481 2654 proxime
1510 2596 1666 2633 antea
1695 2626 1708 2644 ,
1748 2580 2002 2642 Eliorum,

434 2672 583 2726 ager,
616 2650 676 2713 ὠ
707 2654 839 2716 Elis,
867 2658 916 2706 in
950 2653 1335 2726 Peloponneso.
1371 2655 1635 2727 Stephano
1658 2658 1926 2715 ;Ἵ-Ιλις....
1954 2655 2011 2714 τέ

430 2728 605 2794 ἐθνικδν,
630 2735 878 2800 ἨλεΊΘ-έ,
906 2731 1171 2800 Ἠλίειῶ-Ι,
1204 2736 1255 2785 ὃ(
1275 2731 1513 2791 Ηλιοικός.
1546 2734 1604 2784 In
1624 2735 1681 2788 N
1688 2736 1839 2785 otitia
1865 2733 2003 2786 Hie-

432 2806 615 2870 roclis,
652 2823 767 2878 pag.
793 2827 858 2875 23.
875 2807 1055 2873 ’Ἷ-Ιλις,
1085 2806 1369 2877 ψιτξο’πυλις
1394 2807 1632 2871 Αἰτωλίας.

269 2879 341 2934 «Ἠ
362 2882 399 2934 E
421 2879 464 2932 L
484 2882 578 2935 ῙΟ
601 2883 635 2932 Ρ
658 2882 711 2933 O
732 2883 773 2935 L
791 2884 812 2934 I
831 2884 861 2935 S
886 2925 901 2947 .,
933 2887 1142 2958 AEgyptt‘
1158 2923 1172 2943 ‚
1189 2882 1297 2955 five
1329 2882 1545 2938 Arca-biae.

350 2967 401 3013 H
419 2963 461 3011 A
481 2968 503 3012 I
520 2969 567 3014 O
583 2966 626 3011 Υ
643 2967 692 3013 Π
708 2972 755 3017 O
772 2967 818 3014 A
832 2969 866 3014 E
885 2969 907 3014 Ι
925 2969 966 3013 Τ
987 2969 1037 3015 Ω
1051 2973 1112 3017 Ν.
1174 2961 1350 3011 Severi
1378 2977 1617 3010 nummus
1642 3003 1657 3026 ,
1702 2959 1840 3032 apud
1882 2960 2007 3012 Tri-

425 3029 628 3086 stanum
659 3076 674 3103 ‚
716 3048 845 3087 tom.
882 3053 901 3088 ι
925 3053 974 3090 x.
1004 3051 1123 3109 pag.
1164 3053 1285 3106 104.
1325 3037 1379 3087 in
1407 3052 1516 3108 quo
1543 3052 1606 3087 ex
1643 3035 1998 3107 parte—aversa
