2228 3428
674 257 1371 316 --1LLusTRATL
1814 259 1922 324 '343

342 355 459 411 qux
491 347 631 389 notae
661 335 771 389 fere
805 339 857 388 in
890 331 1232 407 sequentibus
1263 330 1486 382 nummis
1518 341 1775 380 ocurrunt
1797 371 1812 394 ,
1838 332 1930 399 qui

339 413 459 465 sunt
481 408 709 485 inscripti
734 412 946 474 Latine,
975 408 1197 459 colonia:
1223 404 1329 459 huc
1364 404 1597 458 deduetae
1622 402 1712 457 sub
1738 403 1923 477 Elaga-

344 487 466 538 balo
498 486 723 553 indiceS,
756 504 815 537 ac
842 483 1009 536 testes,

265 560 315 614 C
337 564 389 616 O
408 563 469 615 L.
514 562 570 614 N
595 562 632 613 E
651 563 697 614 A
713 562 751 613 P
773 562 826 614 O
846 560 905 611 L.
960 553 1230 628 Elagabali
1247 598 1261 620 ‚
1301 554 1443 627 apud
1477 552 1887 606 Mediobarbum
1907 564 1928 621 ‚'

337 655 458 710 pag.
479 657 585 706 314.
606 637 666 688 In
689 650 907 688 nummo
930 648 994 683 eo
1018 631 1188 682 arietis
1209 646 1326 680 cum
1354 646 1454 682 ove
1476 626 1704 680 ludentis
1727 628 1924 702 signata,

310 751 313 753 >
339 712 556 765 efficies.

255 787 318 840 <c
344 790 395 841 o
419 759 477 839 fi.
526 786 582 838 N
609 782 1064 835 EAPoL1.N
1088 781 1199 833 fio
1225 780 1271 832 e
1294 781 1346 833 o
1370 780 1514 835 RQ.
1558 776 1795 850 Philippi
1825 779 1924 830 pa-

340 865 427 912 tris
445 904 458 926 ,
493 876 555 909 ex
587 855 773 908 eodem
807 857 1064 923 cimelio,
1089 854 1291 927 adjesta
1319 856 1479 928 Lupa:
1512 853 1685 927 effigie
1703 896 1718 920 ,
1745 853 1927 906 Remi-

339 951 440 1004 que
461 950 522 983 ac
559 930 776 986 Romuli
798 933 862 983 de
885 948 1050 987 more.

273 1009 474 1066 COL.
511 1008 567 1061 N
591 1008 751 1059 EAP
777 1008 952 1060 OLI.
991 1010 1047 1061 N
1073 1005 1373 1061 EOKOP
1398 1005 1471 1057 O.
1517 1001 1756 1072 Ejusdem
1796 1002 1926 1055 Phi4

338 1079 501 1154 lippi,
536 1084 768 1153 paritere
792 1084 958 1154 Regia
987 1082 1166 1148 Gaza,
1185 1080 1386 1151 adjecta
1409 1077 1600 1150 Aquila
1620 1121 1634 1143 ,
1670 1083 1722 1131 &
1751 1076 1924 1129 homi,

338 1159 414 1206 nis
439 1155 639 1221 rustici,
669 1157 873 1207 saccum
911 1155 1135 1208 humeris
1172 1153 1456 1207 deferentis
1479 1197 1493 1219 ‚
1519 1167 1577 1204 ut
1612 1155 1823 1224 quidem
1849 1152 1927 1203 vi-

339 1233 526 1299 detur,
559 1231 732 1304 effigie
759 1257 768 1285 :
806 1231 971 1303 qualis
1003 1235 1056 1284 &
1089 1232 1142 1281 in
1171 1228 1398 1284 Troadis
1439 1227 1660 1282 coloniae
1701 1226 1933 1280 nummis

339 1309 571 1358 occurrit
589 1349 602 1372 ,
624 1312 676 1358 δε
707 1306 914 1359 Bostrae.

266 1381 315 1435 C
334 1382 387 1434 O
404 1383 464 1435 L.
504 1386 532 1436 S
555 1384 593 1435 E
613 1384 663 1435 R
681 1383 752 1435 G.
791 1385 849 1436 N
875 1383 913 1435 E
936 1382 982 1434 A
1000 1383 1038 1434 P
1059 1382 1110 1435 O
1133 1382 1191 1433 L.
1210 1379 1445 1452 Philippi
1468 1378 1694 1431 fimiliter
1712 1424 1727 1447 ‚
1755 1379 1926 1432 e‘Mu„

340 1456 425 1508 seo
458 1458 634 1509 nostro
663 1481 673 1509 ε
710 1475 829 1508 cum
853 1458 1038 1508 eadem
1072 1455 1260 1527 templi
1290 1455 1460 1526 effigie
1486 1457 1537 1504 in
1571 1454 1706 1505 colle
1733 1454 1810 1506 fiti
1832 1498 1846 1520 ‚
1868 1458 1926 1506 &3

341 1528 628 1605 AEsculapii
666 1547 912 1603 praeterea
946 1533 1256 1602 'Hygiaeque
1300 1532 1471 1583 icone.
1529 1529 1605 1580 Ex
1645 1528 1724 1580 his
1764 1546 1929 1601 porro

339 1608 563 1656 nummis
579 1651 591 1672 ,
615 1608 665 1655 in
695 1606 883 1676 quibus
904 1605 1114 1656 colonia
1140 1604 1399 1676 Neapolis
1433 1599 1727 1676 appellatur
1745 1646 1758 1668 ,
1776 1603 1857 1674 jus
1875 1603 1925 1654 ei

341 1681 564 1740 civitatis
592 1679 884 1732 restitutum
918 1679 1178 1752 intelliges
1209 1723 1223 1746 ,
1256 1677 1404 1751 quod
1427 1683 1471 1730 ei
1505 1681 1724 1731 Severus
1750 1678 1928 1729 abstu-

337 1751 496 1822 lerat,
517 1772 573 1808 ut
602 1758 782 1807 austor
810 1755 884 1807 est
909 1757 945 1808 'S
958 1756 1218 1826 partiarius
1240 1799 1253 1821 ,
1282 1771 1401 1828 pag.
1438 1760 1521 1822 67.
1557 1750 1927 1820 Neapolitanis

337 1829 764 1904 Palaestinenstbus
776 1835 859 1900 jus
883 1835 1109 1883 civitatis
1132 1827 1253 1882 tulit
1273 1870 1289 1892 ,
1314 1830 1446 1901 quod
1460 1845 1546 1899 pro
1569 1835 1637 1883 N
1639 1835 1743 1903 igro
1763 1830 1847 1884 din
1868 1833 1923 1880 in

334 1917 485 1959 armis
508 1906 731 1972 fuerant.
1925 1950 1947 1970 ‚

262 1980 460 2036 COL.
503 1982 901 2036 NEAPOL.
943 1986 995 2033 &
1026 1981 1234 2035 COL.
1270 1981 1709 2035 NEAPOLI.
1738 1979 1928 2035 Gemis'

337 2077 430 2109 nus
460 2056 728 2111 Volusiani
753 2073 1022 2122 nummus,
1054 2071 1083 2107 e
1114 2053 1343 2111 Cimelio
1376 2057 1564 2128 Regio,

188 2131 250 2187 N
273 2137 310 2190 E
333 2135 371 2184 B
393 2137 477 2188 RI
498 2136 527 2187 S
545 2136 574 2187 S
598 2134 662 2184 A.

270 2208 709 2262 COLONIA
762 2207 1211 2261 VENEREA.
1256 2206 1722 2261 NABRISSA.
1775 2204 1927 2256 AV:

342 2285 396 2336 G
414 2287 462 2337 V
480 2286 510 2337 S
525 2286 574 2336 T
594 2285 657 2337 A.
684 2280 890 2335 Claudii
912 2285 1046 2354 Imp.
1064 2299 1306 2332 nummus
1327 2281 1718 2355 ,teste'Ligorio
1737 2323 1751 2345 ,
1779 2277 1922 2350 apud

343 2359 590 2412 Holsten.
629 2375 748 2430 pag.
781 2362 879 2410 128.
909 2357 1135 2428 Plinius,
1168 2355 1256 2408 lib.
1297 2377 1313 2409 1
1342 2377 1357 2409 1
1385 2378 1429 2409 1⁴
1457 2354 1570 2409 secffi
1621 2378 1634 2409 1
1665 2377 1677 2408 ι
1707 2377 1751 2408 1.
1779 2360 1928 2405 Inter

341 2436 570 2500 aestuaria
604 2440 760 2489 Baetis
780 2476 793 2498 ‚
833 2432 1058 2500 oppidtaem
1083 2440 1150 2489 N
1153 2429 1323 2501 ebrzffiz
1344 2474 1359 2498 ,
1382 2438 1655 2506 cognomine
1689 2439 1749 2485 V
1747 2437 1922 2482 enerc'a.

347 2509 535 2562 Hodie
561 2508 800 2563 mbram.

189 2589 328 2637 ‘NEI
349 2595 392 2640 A
409 2599 455 2642 O
476 2596 523 2640 Π
540 2597 736 2643 ΟΛΕῙ
755 2596 795 2639 T
816 2596 944 2642 ΩΝ.
982 2584 1142 2656 Apud
1176 2585 1458 2635 Occonem
1480 2627 1492 2649 ‚
1517 2601 1636 2657 pag.
1675 2605 1792 2651 270.
1811 2582 1925 2634 Anss

346 2662 511 2710 tonini
546 2663 619 2712 Pii
638 2679 910 2725 nummus,
945 2677 1007 2711 ex
1042 2659 1285 2712 GoltziO.
1315 2662 1545 2713 Notitiae
1576 2658 1769 2711 Eccles.
1802 2674 1922 2729 pag,

347 2754 411 2805 55.
442 2736 490 2783 in
513 2737 791 2801 Provincia
816 2736 1044 2805 AEgypti
1076 2730 1329 2799 Arcadia,
1358 2751 1506 2785 extra
1531 2734 1697 2787 Delta
1724 2731 1925 2805 posita,

347 2807 530 2865 Νεῖλου
558 2809 709 2867 πόλις.
747 2808 1050 2879 Stephano:
1087 2804 1302 2875 NHA&
1327 2809 1469 2865 πόλις
1500 2810 1720 2876 At'w‘vflov
1740 2850 1750 2860 .
1774 2849 1808 2860 ..
1841 2846 1850 2857 .
1873 2802 1928 2861 nl

343 2885 489 2939 ἰθνικόν
511 2884 546 2940 „5
572 2885 752 2941 ’πόλεως
786 2926 802 2948 ,
844 2884 1217 2942 Νειλοπυλίτης.
1267 2886 1316 2934 Α
1353 2882 1640 2936 Ptolemaeo
1667 2886 1720 2934 in
1749 2882 1929 2940 Hera-2

348 2958 521 3010 cleote
547 2978 710 3011 nomo
744 2958 965 3012 locatur.

199 3034 260 3091 N
278 3035 317 3087 E
338 3038 399 3089 M
423 3036 469 3086 A
485 3037 532 3085 V
551 3038 581 3088 S
603 3038 651 3088 V
670 3039 719 3091 S.

277 3109 398 3166 CO
413 3109 478 3165 L:
519 3111 578 3166 N
597 3111 641 3166 E
657 3108 735 3166 M.
800 3107 1008 3169 Colonia
1042 3106 1344 3188 Nemaustas.
1402 3110 1630 3166 Nummi
1676 3107 1931 3181 Augusti,
