2228 3428
761 245 1484 304 ILLUSTRATI.
1897 247 1987 320 33}

328 336 386 385 Γ.
431 331 575 381 1οΥ
596 329 658 379 Α.
699 334 884 380 orii,
925 336 1043 379 MA
1069 328 1363 380 leoe.
1406 334 1463 378 K.
1528 324 1591 374 C.
1619 315 1785 374 Julius
1817 321 1983 373 Verus

407 405 693 454 Maximus
743 399 927 470 Caefar.
978 411 1021 456 E
1046 407 1093 452 Π
1121 410 1161 453 Ι.
1216 408 1255 452 C
1278 408 1389 452 TP.
1440 406 1769 452 ΠΑΥΛΕῙ
1791 408 1982 453 ΝΟΥ.

405 487 460 531 Μ
480 488 527 532 H
546 486 638 531 ΤΡ
655 488 700 532 O
720 486 769 531 Π
788 488 833 531 O
852 483 894 530 Λ
913 487 949 529 E
968 484 990 527 Ι
1007 484 1048 526 T
1067 484 1117 529 Ω
1136 484 1204 528 Ν.
1228 470 1328 524 Sub
1347 477 1567 525 Praetore
1593 471 1832 526 Paulino.
1870 473 1978 545 Cy-

406 547 543 601 bele-s
577 551 754 602 stantis
785 548 1010 619 effigies:
1039 548 1089 596 in
1121 545 1348 598 Cimelio
1379 548 1568 617 Regio,

324 634 431 681 ΕΠ.
469 638 569 682 CT.
606 634 845 683 OTAA.
883 632 1139 680 NEIKIA.
1180 630 1976 682 MHTPOHOAEITQN.

400 700 499 754 Sub
533 710 746 754 Praetori:
783 696 988 751 Valerio
1022 702 1206 752 Nicia.
1253 695 1485 748 Gallieni
1508 739 1522 762 ,
1557 713 1620 746 ex
1654 697 1841 748 eodem
1885 700 1980 750 Ci-

399 775 575 827 melio.
598 772 802 845 Cybele
823 775 1014 845 pariter
1029 772 1126 822 stat
1143 816 1157 839 ,
1184 777 1235 824 &
1261 770 1489 827 Gallieni
1511 769 1836 823 fimulacrum
1858 773 1977 823 dex.

398 864 473 900 tra
493 852 640 919 gerit.
663 846 750 900 Est
785 854 837 900 ὃ(
866 845 1006 920 apud
1032 847 1274 898 Patinum
1295 890 1308 912 ,
1343 862 1460 916 pag.
1492 866 1601 913 413.

316 934 620 981 CEBACTA
678 934 1117 980 KAICAPEA.
1179 930 1719 979 MHTPOHOAE
1742 934 1985 984 ITQN.⁴

394 1002 620 1070 Augusta
651 998 884 1067 Caefizrecz
907 999 1222 1064 certamina,
1243 998 1705 1063 Metropolitarum.
1725 999 1978 1068 Gallieni,

394 1090 422 1125 e
451 1075 678 1127 Cimelio
716 1067 904 1148 Regio,
934 1076 1076 1129 Urna
1105 1091 1221 1124 cum
1249 1072 1445 1148 palmis,
1478 1071 1566 1125 Est
1586 1077 1638 1125 ὅς
1666 1075 1806 1148 apud
1834 1075 1977 1127 Pati-

394 1168 518 1200 num
539 1195 551 1216 ‚
576 1167 694 1223 pag.
720 1171 824 1221 413.

319 1236 732 1284 AIONTco.
774 1235 1158 1284 MHTPon.
1194 1225 1333 1282 Vide
1373 1234 1981 1288 AIONTEOHO-'

381 1311 427 1357 A
442 1314 514 1359 EI
534 1313 574 1356 T
594 1315 643 1360 Ω
662 1316 726 1360 N.

317 1389 374 1434 M
391 1390 438 1433 H
460 1391 501 1433 T
519 1392 553 1434 P
569 1393 614 1437 O
635 1389 682 1435 ΓΙ
701 1392 746 1435 O
765 1348 858 1435 ΛΕ
878 1389 898 1432 I
917 1389 958 1432 T
977 1389 1026 1435 Ω
1043 1391 1106 1435 Ν.
1173 1377 1310 1430 Cum
1346 1380 1508 1429 amnis
1539 1378 1741 1451 Caystri
1769 1376 1943 1451 effigie
1958 1420 1973 1444 ‚

389 1473 497 1524 quo
535 1455 588 1505 id
619 1455 877 1527 oppidum
907 1452 1027 1504 allui
1057 1451 1330 1506 credimus,
1395 1453 1556 1526 Apud
1600 1455 1855 1527 Sponium
1876 1495 1890 1519 ,
1920 1453 1973 1503 in

394 1531 512 1579 Itin.
536 1529 731 1584 Athen.

312 1615 647 1662 KOINON
678 1614 1024 1661 MHTPOH
1046 1611 1455 1662 ΟΛΕῙΤΩΝ.
1499 1614 1672 1661 ΤΩΝ
1710 1615 1799 1660 EN
1843 1614 1866 1658 I
1889 1616 1970 1661 Ω·

392 1693 439 1736 Ν
457 1692 477 1734 Ι
496 1694 553 1734 A.
583 1682 850 1733 Nummus
887 1682 1096 1734 Solonis
1113 1723 1127 1746 ,
1158 1697 1275 1730 cum
1299 1683 1433 1757 Jove
1453 1684 1506 1732 &
1534 1682 1708 1733 Diana
1733 1679 1969 1752 Ephesia.

386 1755 546 1826 Apud
578 1756 798 1806 eundem
829 1757 1100 1828 Sponium.

239 1841 615 1889 MHTPoH.
651 1843 846 1889 ΤΩΝ.
908 1842 1144 1889 npoc.
1207 1843 1336 1891 ΤΩ.
1395 1840 1774 1890 ΠΥΡΑΜΩ.
1829 1827 1969 1885 Vide

385 1908 446 1959 M
469 1908 520 1959 O
544 1910 576 1959 P
602 1910 630 1960 S
654 1911 698 1959 V
723 1910 761 1960 E
781 1911 808 1959 S
830 1909 880 1960 T
899 1911 921 1962 Ι
941 1910 1004 1961 Α.

234 1992 1014 2044 ΜΗΤΡΟΠΟΑΕΙΤΩΝ
1054 1979 1331 2053 Theffizliae.

309 2073 367 2116 M
382 2070 432 2114 H
451 2069 490 2112 T
508 2071 543 2113 P
558 2072 603 2115 O
620 2068 669 2112 Π
686 2072 731 2115 O
749 2069 830 2114 AI
848 2070 890 2113 T
911 2071 961 2115 Ω
978 2071 1042 2116 N.
1075 2063 1212 2134 Qiae
1249 2059 1354 2110 hoc
1384 2060 1597 2110 nomine
1622 2059 1856 2109 civitates
1890 2054 1970 2108 es..

383 2136 495 2183 [eut
510 2177 523 2197 ,
542 2132 603 2183 acl
629 2133 812 2184 decem
843 2134 986 2185 fuere
1006 2177 1019 2200 ,
1042 2133 1313 2206 Stephano
1332 2134 1473 2188 teste.
1502 2135 1793 2208 onrro
1810 2148 1965 2183 num-

383 2209 455 2258 mi
492 2207 755 2261 Palladem
797 2208 1086 2261 Ithomiam
1112 2254 1128 2277 ,
1167 2226 1432 2280 equumve
1471 2206 1777 2264 Theffalum
1817 2205 1966 2259 exhi-

386 2282 543 2350 bent,
573 2297 629 2333 ut
650 2283 789 2355 apud
814 2284 1092 2337 Goltzium
1115 2289 1166 2335 in
1195 2286 1430 2351 Graecia,
1457 2282 1596 2338 Tab.
1620 2302 1713 2338 XX.
1734 2302 1796 2336 ex
1814 2297 1962 2335 aver-

381 2358 430 2410 sa
459 2373 605 2430 parte
629 2359 828 2432 galeam
854 2403 867 2426 ,
892 2359 1089 2431 insigne
1119 2358 1432 2431 plerumque
1464 2359 1769 2413 Thess‘alicae
1809 2359 1962 2410 forti-

381 2433 577 2485 tudinis
600 2477 614 2500 ,
651 2434 716 2484 ad
744 2435 1093 2507 Metropolim
1140 2432 1415 2487 Tlieffaliae
1452 2439 1710 2508 pertinere
1743 2450 1825 2486 res
1856 2432 1963 2506 ipsa

383 2508 573 2560 clamat
597 2552 610 2575 ,
644 2509 786 2578 cujus
819 2509 1111 2582 Stephanus
1134 2554 1148 2578 ,
1177 2527 1236 2561 ac
1267 2511 1467 2576 Livius,
1494 2512 1796 2563 meminere.
1842 2509 1962 2562 Fuit

379 2583 620 2649 Ithome,
648 2583 787 2635 unde
819 2584 1333 2659 Palladicognomen
1354 2584 1595 2638 Itliomiae
1616 2630 1628 2652 ,
1657 2586 1709 2635 in
1735 2581 1960 2636 Thestii-

380 2658 446 2709 lia
473 2657 821 2730 Pelasgiotide
839 2704 853 2725 ,
879 2661 1013 2710 inter
1046 2676 1272 2731 quatuor
1298 2659 1505 2712 castella
1530 2660 1731 2734 polita,
1769 2655 1959 2730 quibus

379 2731 485 2804 ipsa
516 2750 578 2784 ex
606 2734 934 2804 quadruplici
970 2734 1129 2785 latere
1158 2734 1498 2806 cingebatur:
1528 2737 1772 2789 Triccam
1799 2779 1813 2801 ‚
1837 2737 1957 2787 Me-

381 2806 634 2880 tropolim
655 2849 669 2872 ,
700 2807 1016 2859 Pelinnaeum
1035 2852 1048 2874 ,
1076 2809 1376 2881 Gomphos.
1398 2811 1596 2863 Auc‘lor
1614 2814 1805 2864 Strabo
1823 2852 1836 2874 ,
1863 2805 1953 2862 lib.

380 2900 396 2932 1
421 2900 467 2934 x.
500 2897 614 2953 pag.
646 2901 764 2953 437.
794 2881 1008 2952 AdjeAEta
1041 2884 1093 2933 in
1129 2886 1351 2933 nummis
1387 2885 1677 2938 Praetorum
1712 2886 1954 2951 nomina,

380 2966 587 3017 ΘΕΟΦ
613 2964 880 3025 ΑΝΗΣ,
925 2964 1470 3020 ΧΡΥΣΑΝΘΟΣ.

225 3046 285 3092 Μ
301 3044 323 3089 Ι
342 3043 392 3090 Δ
414 3047 456 3088 A
473 3045 510 3089 E
529 3043 664 3091 ΩΝ.
693 3031 976 3085 Caracallae
1005 3051 1245 3085 nummus
1277 3051 1305 3086 e
1338 3035 1567 3087 Cimelio
1601 3037 1776 3107 Regio
1799 3077 1814 3100 ‚
1835 3052 1954 3088 cum

375 3107 550 3182 effigie
577 3107 754 3161 stantis
778 3106 1099 3183 AEsculapii,
1122 3113 1181 3163 &
1212 3107 1352 3184 apud
1389 3112 1629 3166 Patinum
1646 3155 1660 3178 ,
1686 3127 1803 3184 pag.
1819 3130 1954 3181 304.

1591 3188 1661 3241 Sl
1698 3188 1749 3257 iij
