2228 3428
327 233 398 271 10
752 204 1082 264 NUMMI
1143 201 1555 275 ANTIQUI

470 288 575 346 Sed
590 299 716 336 cave
741 297 888 354 putes
912 280 978 332 ab
1000 278 1199 334 Orestis
1219 276 1271 328 id
1296 274 1488 327 nomen
1508 272 1698 325 faAEkum
1719 315 1734 337 ,
1752 271 1817 325 de
1837 274 2025 345 quibus

468 361 659 416 Plinius
677 403 690 426 ,
715 356 802 410 lib.
829 375 910 411 Ῑν.
939 352 1056 407 sest.
1076 373 1106 405 x
1124 373 1153 404 v
1171 375 1188 406 1
1209 374 1243 406 1.
1276 367 1393 401 cum
1419 349 1515 401 sint
1531 347 1584 399 hi
1607 347 1794 415 procul
1811 348 2022 401 aThra-

467 439 574 503 cia,
590 436 641 483 in
663 451 768 505 qua
791 429 982 484 Oresta
1006 427 1116 481 fuit.
1149 427 1344 479 Eadem
1370 422 1556 475 deinde
1577 419 1862 474 Uscudama
1889 424 2024 476 dieta

466 510 541 562 est
558 553 572 576 ,
593 522 652 558 ut
676 506 835 559 tradit
860 505 1162 557 Ammianus
1181 543 1195 565 ,
1223 498 1313 551 hb.
1338 515 1460 549 xxv
1481 519 1495 550 1
1521 516 1552 549 1.
1588 511 1706 567 pag.
1740 514 1872 563 340.
1908 502 2022 552 De,

466 602 609 636 mum
630 579 694 632 ab
727 578 1008 635 Hadriano
1034 577 1275 646 Principe
1303 571 1641 623 instauratore
1671 612 1686 634 ,
1724 571 2025 622 Hadriano-

466 657 597 730 polis
621 658 672 708 in
687 653 965 709 Provincia
997 649 1317 705 AEmimonti
1338 689 1352 710 ,
1380 642 1703 711 Andrinople.
1726 645 1856 695 Huc
1885 660 2024 697 certe

463 731 662 805 specstat
687 728 826 783 haud
867 725 1024 777 dubie
1047 740 1288 775 nummus
1322 719 1577 772 Hadriani
1605 761 1618 785 ,
1656 734 1684 768 e
1725 719 1874 771 Gaza
1916 721 2024 775 Re-

466 810 548 878 gia
564 849 577 870 ‚
613 810 663 856 ὃς
685 802 825 875 apud
847 801 1081 854 Patinum
1101 840 1115 861 ‚
1151 814 1268 870 pag.
1305 815 1434 863 203.
1472 809 1515 849 A
1533 807 1580 850 Δ
1596 808 1630 849 Ρ
1649 805 1668 847 Ι
1689 806 1869 849 ΑΝ....
1897 805 2027 850 ΜΗ-

465 894 507 936 Τ
525 896 558 937 Ρ
579 894 624 938 O
644 890 752 936 ΠΟ
772 888 854 933 ΑΙ
873 888 911 932 C
941 919 955 941 ,
995 890 1111 925 cum
1157 871 1216 922 fit
1246 873 1297 921 in
1333 871 1547 923 Notitia
1591 867 1785 923 Eccles.
1827 869 2026 920 Hiero-

467 956 556 1006 clis
574 999 587 1021 ,
610 955 820 1024 aliisque
837 995 852 1018 ,
875 948 1161 1003 Provincia:
1188 946 1502 999 AEmimonti
1532 941 1678 995 dieue
1717 942 2026 1014 metropolis

466 1027 909 1100 Hadrianopolis:
940 1040 1039 1075 nec
1057 1021 1153 1073 alia
1170 1038 1234 1072 eo
1252 1022 1465 1070 nomine
1484 1016 1633 1069 simili
1654 1016 2025 1089 Metropoleos

464 1104 809 1177 praerogativa
837 1098 1076 1172 gaudeat.
1133 1097 1254 1148 Fuit
1277 1094 1441 1145 altera
1469 1094 1681 1163 quidem
1721 1091 2024 1143 Hadriano..

464 1178 597 1251 polis
630 1179 682 1228 in
712 1190 858 1249 parte
889 1170 1178 1244 Bithyniae,
1211 1186 1366 1241 quam
1397 1168 1725 1220 Provinciam
1754 1166 2026 1217 Honoria-

463 1253 539 1304 dis
577 1250 917 1325 appellabant
947 1274 958 1302 2
996 1246 1137 1315 cujus
1173 1246 1453 1295 meminere
1482 1241 1707 1295 Notitiae
1745 1239 2028 1312 Episcopa-

463 1341 612 1378 tuum
635 1327 861 1395 antiquae
889 1339 918 1372 a
940 1318 1092 1373 nobis
1116 1316 1292 1390 saepius
1313 1314 1600 1389 appellatae.
1641 1311 1725 1364 Ad
1755 1329 1870 1363 eam
1901 1330 2028 1366 vero

463 1400 700 1452 revocari
718 1413 959 1448 nummos
978 1411 1041 1445 ex
1057 1392 1133 1442 his
1159 1393 1365 1461 aliquos
1386 1434 1399 1455 ,
1428 1386 1596 1442 autad
1618 1386 1765 1437 aliam
1794 1405 2026 1459 quoque,

466 1491 622 1544 quam
653 1469 851 1525 Pisidiae
882 1468 1106 1524 Notitiae
1134 1464 1328 1517 eaedem
1369 1463 1705 1534 adjudicant,
1730 1459 1870 1512 haud
1901 1462 2030 1515 levi-

468 1540 564 1598 bus
588 1546 840 1598 adducstus
866 1542 1185 1614 argumentis
1218 1539 1399 1590 nolim.

388 1637 433 1680 A
450 1633 499 1680 Δ
519 1637 553 1678 Ρ
570 1635 593 1678 Ι
610 1636 650 1678 Α
673 1636 718 1679 N
733 1635 781 1678 O
795 1630 843 1676 Π
862 1633 908 1678 O
925 1627 971 1674 A
985 1630 1055 1674 EI
1071 1627 1112 1669 T
1133 1627 1182 1671 Ω
1205 1628 1268 1670 Ν.
1299 1611 1558 1665 Antonini
1582 1612 1660 1663 Pii
1693 1627 1934 1662 nummus
1953 1653 1967 1676 ,
2003 1626 2034 1662 e

466 1697 693 1750 Cimelio
715 1698 888 1767 Regio
906 1736 921 1760 ,
948 1694 1000 1744 in
1023 1708 1131 1763 quo
1152 1688 1344 1741 Bacchi
1370 1686 1544 1739 stantis
1573 1684 1782 1760 effigies,
1807 1686 1874 1738 Et
1901 1684 2033 1737 alter

468 1774 670 1839 Severi,
702 1772 754 1821 iu
777 1787 883 1842 quo
913 1781 1106 1818 taurus

394 1863 437 1905 Α
455 1859 504 1904 Δ
522 1861 556 1904 Ρ
571 1860 593 1903 I
614 1861 657 1902 A
676 1861 722 1904 N
739 1859 784 1902 O
800 1855 849 1900 Π
865 1856 911 1900 O
928 1852 974 1898 A
990 1854 1027 1898 E
1045 1853 1066 1896 I
1083 1851 1125 1893 T
1143 1850 1192 1895 Ω
1206 1851 1268 1893 Ν.
1299 1837 1458 1887 Ceres
1475 1878 1490 1902 ,
1519 1833 1737 1888 floribus
1758 1847 2032 1901 coronata,

466 1925 647 1974 dextra
679 1934 911 1994 pateram
940 1916 1087 1988 supra
1116 1929 1256 1963 aram
1280 1953 1294 1976 ,
1323 1911 1450 1962 laeva
1477 1910 1661 1981 Copiae
1679 1926 1842 1960 cornu
1866 1922 2033 1976 tenet,

464 1998 517 2047 in
535 2013 750 2047 nummo
775 1991 1024 2047 Faustinae
1048 1987 1262 2063 junioris
1278 2028 1293 2052 ,
1317 1985 1456 2058 apud
1473 1983 1771 2037 Tristanum
1787 2026 1801 2050 ‚
1818 1996 1949 2037 tom.
1980 2005 2019 2041 1.

467 2087 586 2142 pag.
617 2076 751 2140 670.

389 2157 433 2199 A
451 2155 500 2201 Δ
518 2159 552 2201 Ρ
573 2158 595 2201 I
614 2158 715 2202 AN
731 2156 777 2201 O
795 2153 842 2199 Π
860 2154 906 2199 O
925 2150 971 2197 A
985 2152 1023 2197 E
1038 2150 1060 2194 Ι
1077 2150 1118 2193 Τ
1139 2149 1189 2195 Ω
1209 2150 1271 2193 Ν.
1317 2136 1493 2189 Diana
1534 2132 1832 2206 sagittifera.
1878 2133 2036 2200 Veri,

470 2235 534 2270 ex
563 2221 750 2270 eodem
778 2214 1024 2269 CimeliO.

390 2297 1117 2349 ΑΔΡΙΑΝΟΠΟΛΕΙΤ
1140 2296 1269 2341 ΩΝ.
1339 2292 1516 2340 ΗΓΕ.
1569 2289 1793 2339 ΙΟΥΑ.
1853 2290 2035 2336 KAC-

466 2381 566 2425 To
580 2379 639 2424 Υ.
682 2366 972 2436 H‘Wae-s&
1010 2366 1207 2417 Ἰουλίου
1238 2356 1410 2419 Κοίςου.
1455 2356 1668 2430 Praefide
1711 2354 1841 2410 lulio
1873 2357 2029 2424 Casto.

472 2441 792 2503 Commodi,
827 2457 855 2492 e
880 2435 1109 2492 Cimelio
1142 2434 1331 2505 Regio,
1357 2432 1656 2495 ⁴Mercurius
1680 2428 1895 2502 scopulo
1914 2428 2033 2480 infi-

469 2517 574 2571 det.
608 2517 763 2588 Legit
781 2516 995 2569 Patiuus
1010 2555 1024 2580 ,
1054 2519 1154 2568 ΕΠ
1172 2519 1212 2564 Ι.
1244 2519 1283 2564 C
1301 2520 1342 2563 T
1359 2521 1411 2563 P.
1447 2519 1494 2563 O
1510 2516 1554 2562 Υ
1571 2518 1633 2563 Λ.
1679 2517 1722 2562 Κ
1737 2518 1780 2560 A
1798 2515 1892 2562 CT
1908 2517 1953 2562 O
1971 2514 2035 2568 Υ,

471 2608 588 2664 pag.
613 2597 732 2644 266.
756 2588 918 2643 Male.

392 2678 510 2727 ΗΓ.
555 2677 690 2723 ΙΟΥ.
734 2670 1251 2720 ΜΑΡΚΙΑΝΟΥ.
1297 2664 2029 2714 ΑΔΡΙΑΝΟΠΟΛΕΙΤ.

471 2741 765 2810 H‘sspw'v&
795 2741 988 2796 Ἰουλίου
1010 2734 1333 2810 Maepmowod',
1358 2735 1818 2793 'Aaomomnavvb‘m
1847 2731 2032 2784 Visto·

469 2818 541 2867 ria
557 2819 609 2867 in
636 2814 782 2888 bigis,
812 2812 1101 2867 Commodi
1128 2826 1367 2862 nummus
1392 2806 1493 2874 est,
1526 2812 1650 2860 ut&
1676 2807 1834 2871 alter,
1853 2805 1906 2856 in
1924 2819 2031 2875 quo

471 2891 751 2962 quadriga:
784 2885 900 2940 sunt
921 2893 974 2941 &
997 2889 1048 2937 in
1072 2886 1258 2956 quibus
1283 2880 1542 2937 Hercules
1579 2880 1736 2934 clavae
1763 2879 2028 2932 innititur:

471 2978 530 3014 ut
559 2969 611 3016 in
636 2975 685 3021 Δ
703 2976 725 3020 Ι
740 2977 785 3022 O
801 2972 900 3022 ΝΥ
917 2973 956 3019 C
975 2975 1021 3019 O
1036 2971 1086 3017 Π
1103 2974 1149 3018 O
1165 2970 1210 3016 A
1227 2971 1263 3015 E
1280 2971 1302 3015 I
1316 2969 1426 3019 ΤΩ
1441 2971 1487 3015 Ν
1521 2956 1756 3010 Thraciae
1787 2950 2029 3014 nummiS,

471 3045 1391 3099 ΜΑΡΚΙΑΝΟΠΟΛΕΙΤΩΝ
1413 3077 1429 3104 ,
1467 3030 1694 3103 aliisque.
1757 3028 1840 3084 Hi
1865 3039 2027 3099 porro
