<?xml version="1.0" encoding="UTF-8"?>
<!DOCTYPE html PUBLIC "-//W3C//DTD XHTML 1.0 Transitional//EN"
    "http://www.w3.org/TR/xhtml1/DTD/xhtml1-transitional.dtd">
<html xmlns="http://www.w3.org/1999/xhtml" xml:lang="en" lang="en">
 <head>
  <title>
</title>
<meta http-equiv="Content-Type" content="text/html;charset=utf-8" />
  <meta name='ocr-system' content='tesseract 3.04.00' />
  <meta name='ocr-capabilities' content='ocr_page ocr_carea ocr_par ocr_line ocrx_word'/>
</head>
<body>
  <div class='ocr_page' id='page_1' title='image "./joannisharduinis00hard_0043.png"; bbox 0 0 2228 3428; ppageno 0'>
   <div class='ocr_carea' id='block_1_1' title="bbox 193 197 1977 3030">
    <p class='ocr_par' dir='ltr' id='par_1_1' title="bbox 709 197 1915 274">
     <span class='ocr_line' id='line_1_1' title="bbox 709 197 1915 274; baseline 0.002 -22"><span class='ocrx_word' id='word_1_1' title='bbox 709 197 1432 258; x_wconf 86' lang='lat' dir='ltr'>ILLUSTRATI.</span> <span class='ocrx_word' id='word_1_2' title='bbox 1854 219 1915 274; x_wconf 87' lang='lat'>15</span> 
     </span>
    </p>

    <p class='ocr_par' dir='ltr' id='par_1_2' title="bbox 211 273 1917 1236">
     <span class='ocr_line' id='line_1_2' title="bbox 211 273 1916 347; baseline -0.002 -16"><span class='ocrx_word' id='word_1_3' title='bbox 211 286 253 331; x_wconf 78' lang='lat' dir='ltr'>A</span> <span class='ocrx_word' id='word_1_4' title='bbox 270 284 309 333; x_wconf 90' lang='grc' dir='ltr'><strong>Γ</strong></span> <span class='ocrx_word' id='word_1_5' title='bbox 326 282 369 330; x_wconf 89' lang='grc' dir='ltr'><strong>Α</strong></span> <span class='ocrx_word' id='word_1_6' title='bbox 389 281 432 327; x_wconf 87' lang='grc' dir='ltr'>Θ</span> <span class='ocrx_word' id='word_1_7' title='bbox 446 279 489 329; x_wconf 82' lang='grc' dir='ltr'>Υ</span> <span class='ocrx_word' id='word_1_8' title='bbox 503 286 538 331; x_wconf 87' lang='grc' dir='ltr'>Ρ</span> <span class='ocrx_word' id='word_1_9' title='bbox 554 279 599 335; x_wconf 80' lang='grc' dir='ltr'>Σ</span> <span class='ocrx_word' id='word_1_10' title='bbox 619 283 668 333; x_wconf 84' lang='grc' dir='ltr'>Ω</span> <span class='ocrx_word' id='word_1_11' title='bbox 689 286 736 332; x_wconf 88' lang='grc' dir='ltr'>Ν</span> <span class='ocrx_word' id='word_1_12' title='bbox 751 320 766 342; x_wconf 81' lang='lat'>,</span> <span class='ocrx_word' id='word_1_13' title='bbox 787 275 925 347; x_wconf 86' lang='lat' dir='ltr'>apud</span> <span class='ocrx_word' id='word_1_14' title='bbox 945 275 1222 328; x_wconf 86' lang='lat' dir='ltr'>Goltzium</span> <span class='ocrx_word' id='word_1_15' title='bbox 1239 276 1290 324; x_wconf 88' lang='lat' dir='ltr'>in</span> <span class='ocrx_word' id='word_1_16' title='bbox 1317 273 1524 326; x_wconf 71' lang='lat' dir='ltr'>Graecia</span> <span class='ocrx_word' id='word_1_17' title='bbox 1541 285 1737 327; x_wconf 86' lang='lat' dir='ltr'>vetere:</span> <span class='ocrx_word' id='word_1_18' title='bbox 1757 289 1916 345; x_wconf 84' lang='lat' dir='ltr'>quern</span> 
     </span>
     <span class='ocr_line' id='line_1_3' title="bbox 357 346 1917 421; baseline -0.001 -22"><span class='ocrx_word' id='word_1_19' title='bbox 357 350 445 400; x_wconf 93' lang='lat' dir='ltr'>ille</span> <span class='ocrx_word' id='word_1_20' title='bbox 471 367 763 414; x_wconf 83' lang='lat' dir='ltr'>nummum,</span> <span class='ocrx_word' id='word_1_21' title='bbox 784 353 835 400; x_wconf 68' lang='grc' dir='ltr'>δε</span> <span class='ocrx_word' id='word_1_22' title='bbox 856 350 1109 400; x_wconf 86' lang='lat' dir='ltr'>Nonnius</span> <span class='ocrx_word' id='word_1_23' title='bbox 1131 363 1248 396; x_wconf 91' lang='lat' dir='ltr'>eum</span> <span class='ocrx_word' id='word_1_24' title='bbox 1271 346 1486 413; x_wconf 82' lang='lat' dir='ltr'>secutus,</span> <span class='ocrx_word' id='word_1_25' title='bbox 1509 351 1576 398; x_wconf 88' lang='lat' dir='ltr'>ad</span> <span class='ocrx_word' id='word_1_26' title='bbox 1596 347 1917 421; x_wconf 83' lang='lat' dir='ltr'>Agathyrsos</span> 
     </span>
     <span class='ocr_line' id='line_1_4' title="bbox 359 420 1917 495; baseline -0.003 -21"><span class='ocrx_word' id='word_1_27' title='bbox 359 421 494 474; x_wconf 85' lang='lat' dir='ltr'>ultra</span> <span class='ocrx_word' id='word_1_28' title='bbox 511 423 887 495; x_wconf 86' lang='lat' dir='ltr'>Borysthenem</span> <span class='ocrx_word' id='word_1_29' title='bbox 904 421 1026 472; x_wconf 84' lang='lat' dir='ltr'>fitos</span> <span class='ocrx_word' id='word_1_30' title='bbox 1041 462 1055 486; x_wconf 86' lang='lat'>,</span> <span class='ocrx_word' id='word_1_31' title='bbox 1079 425 1131 473; x_wconf 87' lang='lat'>&amp;</span> <span class='ocrx_word' id='word_1_32' title='bbox 1150 421 1455 473; x_wconf 83' lang='lat' dir='ltr'>Graecarum</span> <span class='ocrx_word' id='word_1_33' title='bbox 1476 420 1761 473; x_wconf 86' lang='lat' dir='ltr'>litterarum</span> <span class='ocrx_word' id='word_1_34' title='bbox 1777 424 1917 495; x_wconf 84' lang='lat' dir='ltr'>igna-</span> 
     </span>
     <span class='ocr_line' id='line_1_5' title="bbox 357 493 1917 566; baseline 0.001 -18"><span class='ocrx_word' id='word_1_35' title='bbox 357 514 441 548; x_wconf 88' lang='lat' dir='ltr'>ros</span> <span class='ocrx_word' id='word_1_36' title='bbox 464 541 478 564; x_wconf 84' lang='lat'>‚</span> <span class='ocrx_word' id='word_1_37' title='bbox 514 504 567 551; x_wconf 83' lang='lat'>&amp;</span> <span class='ocrx_word' id='word_1_38' title='bbox 596 511 823 548; x_wconf 79' lang='lat' dir='ltr'>monetae</span> <span class='ocrx_word' id='word_1_39' title='bbox 856 493 1043 546; x_wconf 78' lang='lat' dir='ltr'>forsan</span> <span class='ocrx_word' id='word_1_40' title='bbox 1063 508 1300 566; x_wconf 81' lang='lat' dir='ltr'>expertes</span> <span class='ocrx_word' id='word_1_41' title='bbox 1332 537 1346 559; x_wconf 86' lang='lat'>‚</span> <span class='ocrx_word' id='word_1_42' title='bbox 1394 510 1493 546; x_wconf 88' lang='lat' dir='ltr'>nec</span> <span class='ocrx_word' id='word_1_43' title='bbox 1527 498 1775 549; x_wconf 87' lang='lat' dir='ltr'>Romano</span> <span class='ocrx_word' id='word_1_44' title='bbox 1804 495 1917 549; x_wconf 87' lang='lat' dir='ltr'>fere</span> 
     </span>
     <span class='ocr_line' id='line_1_6' title="bbox 357 565 1916 643; baseline 0.001 -21"><span class='ocrx_word' id='word_1_45' title='bbox 357 571 476 622; x_wconf 87' lang='lat' dir='ltr'>orbi</span> <span class='ocrx_word' id='word_1_46' title='bbox 500 585 654 621; x_wconf 87' lang='lat' dir='ltr'>notos</span> <span class='ocrx_word' id='word_1_47' title='bbox 672 613 686 636; x_wconf 81' lang='lat'>,</span> <span class='ocrx_word' id='word_1_48' title='bbox 710 569 810 638; x_wconf 88' lang='lat' dir='ltr'>(de</span> <span class='ocrx_word' id='word_1_49' title='bbox 837 568 1026 640; x_wconf 87' lang='lat' dir='ltr'>quibus</span> <span class='ocrx_word' id='word_1_50' title='bbox 1050 569 1245 622; x_wconf 80' lang='lat' dir='ltr'><strong>Plinius</strong></span> <span class='ocrx_word' id='word_1_51' title='bbox 1276 565 1365 620; x_wconf 88' lang='lat' dir='ltr'>lib.</span> <span class='ocrx_word' id='word_1_52' title='bbox 1400 591 1416 623; x_wconf 90' lang='lat'>1</span> <span class='ocrx_word' id='word_1_53' title='bbox 1436 588 1483 621; x_wconf 87' lang='lat' dir='ltr'>v.</span> <span class='ocrx_word' id='word_1_54' title='bbox 1514 568 1631 622; x_wconf 64' lang='lat' dir='ltr'>feet.</span> <span class='ocrx_word' id='word_1_55' title='bbox 1661 578 1743 625; x_wconf 81' lang='lat'>26.</span> <span class='ocrx_word' id='word_1_56' title='bbox 1767 579 1782 639; x_wconf 95' lang='lat'>)</span> <span class='ocrx_word' id='word_1_57' title='bbox 1805 588 1916 643; x_wconf 88' lang='lat' dir='ltr'>per-</span> 
     </span>
     <span class='ocr_line' id='line_1_7' title="bbox 353 641 1916 718; baseline 0.002 -22"><span class='ocrx_word' id='word_1_58' title='bbox 353 662 529 718; x_wconf 81' lang='lat' dir='ltr'>peram</span> <span class='ocrx_word' id='word_1_59' title='bbox 566 641 743 698; x_wconf 81' lang='lat' dir='ltr'>refert.</span> <span class='ocrx_word' id='word_1_60' title='bbox 791 645 1024 696; x_wconf 80' lang='lat' dir='ltr'>Pertinet</span> <span class='ocrx_word' id='word_1_61' title='bbox 1056 648 1194 695; x_wconf 90' lang='lat' dir='ltr'>enim</span> <span class='ocrx_word' id='word_1_62' title='bbox 1235 643 1302 693; x_wconf 84' lang='lat' dir='ltr'>ad</span> <span class='ocrx_word' id='word_1_63' title='bbox 1331 642 1701 715; x_wconf 80' lang='lat' dir='ltr'>Agathyrnum</span> <span class='ocrx_word' id='word_1_64' title='bbox 1736 646 1916 699; x_wconf 81' lang='lat' dir='ltr'>Siciliae</span> 
     </span>
     <span class='ocr_line' id='line_1_8' title="bbox 353 715 1913 790; baseline 0.001 -21"><span class='ocrx_word' id='word_1_65' title='bbox 353 717 641 789; x_wconf 84' lang='lat' dir='ltr'>oppidum,</span> <span class='ocrx_word' id='word_1_66' title='bbox 678 717 742 770; x_wconf 90' lang='lat' dir='ltr'>de</span> <span class='ocrx_word' id='word_1_67' title='bbox 771 736 880 789; x_wconf 91' lang='lat' dir='ltr'>quo</span> <span class='ocrx_word' id='word_1_68' title='bbox 910 716 1136 784; x_wconf 75' lang='lat' dir='ltr'>Plinius,</span> <span class='ocrx_word' id='word_1_69' title='bbox 1170 715 1258 770; x_wconf 85' lang='lat' dir='ltr'>lib.</span> <span class='ocrx_word' id='word_1_70' title='bbox 1303 737 1354 770; x_wconf 91' lang='lat'>11</span> <span class='ocrx_word' id='word_1_71' title='bbox 1377 737 1411 770; x_wconf 78' lang='lat'>1,</span> <span class='ocrx_word' id='word_1_72' title='bbox 1439 718 1557 771; x_wconf 51' lang='lat' dir='ltr'>leel.</span> <span class='ocrx_word' id='word_1_73' title='bbox 1598 736 1736 773; x_wconf 80' lang='lat' dir='ltr'>xiv.</span> <span class='ocrx_word' id='word_1_74' title='bbox 1767 720 1913 790; x_wconf 87' lang='lat' dir='ltr'>quod</span> 
     </span>
     <span class='ocr_line' id='line_1_9' title="bbox 351 790 1915 865; baseline 0.001 -20"><span class='ocrx_word' id='word_1_75' title='bbox 351 792 580 865; x_wconf 83' lang='lat' dir='ltr'>Polybio</span> <span class='ocrx_word' id='word_1_76' title='bbox 602 836 616 859; x_wconf 82' lang='lat'>,</span> <span class='ocrx_word' id='word_1_77' title='bbox 646 808 703 844; x_wconf 90' lang='lat' dir='ltr'>ut</span> <span class='ocrx_word' id='word_1_78' title='bbox 731 792 803 845; x_wconf 88' lang='lat' dir='ltr'>ibi</span> <span class='ocrx_word' id='word_1_79' title='bbox 829 791 1077 859; x_wconf 78' lang='lat' dir='ltr'><strong>diximus,</strong></span> <span class='ocrx_word' id='word_1_80' title='bbox 1110 791 1385 864; x_wconf 52' lang='lat' dir='ltr'>’Aya‘fivpm</span> <span class='ocrx_word' id='word_1_81' title='bbox 1406 791 1494 846; x_wconf 81' lang='lat' dir='ltr'>est.</span> <span class='ocrx_word' id='word_1_82' title='bbox 1530 794 1599 845; x_wconf 90' lang='lat' dir='ltr'>Et</span> <span class='ocrx_word' id='word_1_83' title='bbox 1627 792 1759 865; x_wconf 80' lang='lat' dir='ltr'>bigae</span> <span class='ocrx_word' id='word_1_84' title='bbox 1798 790 1915 846; x_wconf 87' lang='lat' dir='ltr'>sane</span> 
     </span>
     <span class='ocr_line' id='line_1_10' title="bbox 350 864 1915 940; baseline -0.001 -24"><span class='ocrx_word' id='word_1_85' title='bbox 350 868 396 916; x_wconf 83' lang='lat' dir='ltr'>ei</span> <span class='ocrx_word' id='word_1_86' title='bbox 421 884 639 918; x_wconf 86' lang='lat' dir='ltr'>nummo</span> <span class='ocrx_word' id='word_1_87' title='bbox 666 865 935 938; x_wconf 68' lang='lat' dir='ltr'>insculptae</span> <span class='ocrx_word' id='word_1_88' title='bbox 953 910 966 932; x_wconf 82' lang='lat'>,</span> <span class='ocrx_word' id='word_1_89' title='bbox 987 869 1040 916; x_wconf 91' lang='lat' dir='ltr'>in</span> <span class='ocrx_word' id='word_1_90' title='bbox 1064 868 1246 921; x_wconf 81' lang='lat' dir='ltr'>Siculis</span> <span class='ocrx_word' id='word_1_91' title='bbox 1273 870 1496 929; x_wconf 83' lang='lat' dir='ltr'>nummis</span> <span class='ocrx_word' id='word_1_92' title='bbox 1523 864 1640 918; x_wconf 88' lang='lat' dir='ltr'>sunt</span> <span class='ocrx_word' id='word_1_93' title='bbox 1667 867 1915 940; x_wconf 86' lang='lat' dir='ltr'>frequen-</span> 
     </span>
     <span class='ocr_line' id='line_1_11' title="bbox 349 941 1916 1016; baseline 0.006 -26"><span class='ocrx_word' id='word_1_94' title='bbox 349 955 441 996; x_wconf 74' lang='lat' dir='ltr'>teS.</span> <span class='ocrx_word' id='word_1_95' title='bbox 484 943 801 1016; x_wconf 74' lang='lat' dir='ltr'>Stephanus:</span> <span class='ocrx_word' id='word_1_96' title='bbox 833 941 1134 1014; x_wconf 45' lang='lat' dir='ltr'>’Aya‘ffopovffi</span> <span class='ocrx_word' id='word_1_97' title='bbox 1159 942 1295 1001; x_wconf 62' lang='grc' dir='ltr'>πόλις</span> <span class='ocrx_word' id='word_1_98' title='bbox 1316 949 1532 1005; x_wconf 51' lang='grc' dir='ltr'>Σικελίας</span> <span class='ocrx_word' id='word_1_99' title='bbox 1554 985 1567 1007; x_wconf 81' lang='lat'>,</span> <span class='ocrx_word' id='word_1_100' title='bbox 1595 944 1649 999; x_wconf 68' lang='grc' dir='ltr'>ὥς</span> <span class='ocrx_word' id='word_1_101' title='bbox 1680 943 1916 1001; x_wconf 65' lang='grc' dir='ltr'><em>Πολῦζιος</em></span> 
     </span>
     <span class='ocr_line' id='line_1_12' title="bbox 346 1017 1913 1091; baseline -0.001 -20"><span class='ocrx_word' id='word_1_102' title='bbox 346 1017 536 1088; x_wconf 48' lang='grc' dir='ltr'>ἐκννοίτῃ.</span> <span class='ocrx_word' id='word_1_103' title='bbox 555 1018 611 1075; x_wconf 60' lang='grc' dir='ltr'><em>τέ</em></span> <span class='ocrx_word' id='word_1_104' title='bbox 631 1019 779 1074; x_wconf 68' lang='grc' dir='ltr'>ἐθνικὸγ</span> <span class='ocrx_word' id='word_1_105' title='bbox 797 1066 810 1088; x_wconf 81' lang='lat'><strong><em>‚</em></strong></span> <span class='ocrx_word' id='word_1_106' title='bbox 833 1018 1218 1091; x_wconf 58' lang='lat' dir='ltr'>&#39;Aya9vpom7&amp;².</span> <span class='ocrx_word' id='word_1_107' title='bbox 1245 1021 1417 1072; x_wconf 82' lang='lat' dir='ltr'>Nunc</span> <span class='ocrx_word' id='word_1_108' title='bbox 1446 1019 1519 1070; x_wconf 93' lang='lat' dir='ltr'>est</span> <span class='ocrx_word' id='word_1_109' title='bbox 1547 1020 1594 1071; x_wconf 90' lang='lat' dir='ltr'>S.</span> <span class='ocrx_word' id='word_1_110' title='bbox 1620 1019 1793 1071; x_wconf 87' lang='lat' dir='ltr'>Marci</span> <span class='ocrx_word' id='word_1_111' title='bbox 1815 1036 1913 1091; x_wconf 88' lang='lat' dir='ltr'>op-</span> 
     </span>
     <span class='ocr_line' id='line_1_13' title="bbox 346 1089 1914 1167; baseline 0.003 -26"><span class='ocrx_word' id='word_1_112' title='bbox 346 1091 530 1163; x_wconf 83' lang='lat' dir='ltr'>pidum</span> <span class='ocrx_word' id='word_1_113' title='bbox 550 1137 562 1160; x_wconf 86' lang='lat'>,</span> <span class='ocrx_word' id='word_1_114' title='bbox 584 1092 652 1144; x_wconf 88' lang='lat' dir='ltr'>ad</span> <span class='ocrx_word' id='word_1_115' title='bbox 668 1111 874 1146; x_wconf 87' lang='lat' dir='ltr'>amnem</span> <span class='ocrx_word' id='word_1_116' title='bbox 897 1098 1272 1167; x_wconf 73' lang='lat' dir='ltr'>cognominem</span> <span class='ocrx_word' id='word_1_117' title='bbox 1292 1136 1306 1159; x_wconf 86' lang='lat'>,</span> <span class='ocrx_word' id='word_1_118' title='bbox 1334 1091 1512 1144; x_wconf 88' lang='lat' dir='ltr'>medio</span> <span class='ocrx_word' id='word_1_119' title='bbox 1544 1089 1709 1146; x_wconf 83' lang='lat' dir='ltr'>ferme</span> <span class='ocrx_word' id='word_1_120' title='bbox 1730 1096 1914 1146; x_wconf 88' lang='lat' dir='ltr'>itinere</span> 
     </span>
     <span class='ocr_line' id='line_1_14' title="bbox 347 1165 1289 1236; baseline 0.004 -18"><span class='ocrx_word' id='word_1_121' title='bbox 347 1168 665 1220; x_wconf 84' lang='lat' dir='ltr'>Panormum</span> <span class='ocrx_word' id='word_1_122' title='bbox 692 1172 856 1236; x_wconf 82' lang='lat' dir='ltr'>inter,</span> <span class='ocrx_word' id='word_1_123' title='bbox 892 1188 955 1221; x_wconf 86' lang='lat' dir='ltr'>ac</span> <span class='ocrx_word' id='word_1_124' title='bbox 978 1165 1289 1222; x_wconf 79' lang='lat' dir='ltr'>Meffanam.</span> 
     </span>
    </p>

    <p class='ocr_par' dir='ltr' id='par_1_3' title="bbox 200 1240 1541 1317">
     <span class='ocr_line' id='line_1_15' title="bbox 200 1240 1541 1317; baseline 0.001 -21"><span class='ocrx_word' id='word_1_125' title='bbox 200 1251 568 1301; x_wconf 83' lang='grc' dir='ltr'><strong>ΑΓΗΝΩΝ.</strong></span> <span class='ocrx_word' id='word_1_126' title='bbox 607 1245 745 1297; x_wconf 87' lang='lat' dir='ltr'>Vide</span> <span class='ocrx_word' id='word_1_127' title='bbox 783 1244 1237 1300; x_wconf 86' lang='lat' dir='ltr'>CAESAREA</span> <span class='ocrx_word' id='word_1_128' title='bbox 1278 1240 1541 1317; x_wconf 65' lang='lat' dir='ltr'>Bithynice.</span> 
     </span>
    </p>

    <p class='ocr_par' dir='ltr' id='par_1_4' title="bbox 200 1316 1915 1990">
     <span class='ocr_line' id='line_1_16' title="bbox 200 1316 1915 1390; baseline -0.005 -19"><span class='ocrx_word' id='word_1_129' title='bbox 200 1330 244 1372; x_wconf 85' lang='lat' dir='ltr'>A</span> <span class='ocrx_word' id='word_1_130' title='bbox 263 1327 301 1372; x_wconf 97' lang='grc' dir='ltr'><strong>Γ</strong></span> <span class='ocrx_word' id='word_1_131' title='bbox 318 1329 367 1373; x_wconf 90' lang='grc' dir='ltr'>Η</span> <span class='ocrx_word' id='word_1_132' title='bbox 383 1329 422 1374; x_wconf 91' lang='lat' dir='ltr'>C</span> <span class='ocrx_word' id='word_1_133' title='bbox 441 1331 479 1376; x_wconf 88' lang='lat' dir='ltr'>C</span> <span class='ocrx_word' id='word_1_134' title='bbox 496 1331 518 1374; x_wconf 97' lang='grc' dir='ltr'>Ι</span> <span class='ocrx_word' id='word_1_135' title='bbox 538 1331 588 1376; x_wconf 83' lang='grc' dir='ltr'>Ω</span> <span class='ocrx_word' id='word_1_136' title='bbox 607 1333 666 1375; x_wconf 89' lang='grc' dir='ltr'>Ν.</span> <span class='ocrx_word' id='word_1_137' title='bbox 698 1319 915 1390; x_wconf 84' lang='lat' dir='ltr'>Trajani</span> <span class='ocrx_word' id='word_1_138' title='bbox 940 1335 1178 1369; x_wconf 85' lang='lat' dir='ltr'>nummus</span> <span class='ocrx_word' id='word_1_139' title='bbox 1197 1362 1211 1385; x_wconf 82' lang='lat'>,</span> <span class='ocrx_word' id='word_1_140' title='bbox 1240 1335 1268 1368; x_wconf 90' lang='lat' dir='ltr'>e</span> <span class='ocrx_word' id='word_1_141' title='bbox 1298 1316 1526 1371; x_wconf 89' lang='lat' dir='ltr'>Cimelio</span> <span class='ocrx_word' id='word_1_142' title='bbox 1558 1316 1915 1372; x_wconf 82' lang='lat' dir='ltr'>Christianiffi..</span> 
     </span>
     <span class='ocr_line' id='line_1_17' title="bbox 348 1392 1910 1464; baseline 0.003 -21"><span class='ocrx_word' id='word_1_143' title='bbox 348 1393 420 1443; x_wconf 83' lang='lat' dir='ltr'>mi</span> <span class='ocrx_word' id='word_1_144' title='bbox 452 1396 630 1464; x_wconf 82' lang='lat' dir='ltr'>Regis,</span> <span class='ocrx_word' id='word_1_145' title='bbox 664 1393 936 1464; x_wconf 89' lang='lat' dir='ltr'>Stephano</span> <span class='ocrx_word' id='word_1_146' title='bbox 965 1393 1226 1458; x_wconf 51' lang='lat' dir='ltr'>’Ammo-0³5,</span> <span class='ocrx_word' id='word_1_147' title='bbox 1253 1393 1390 1450; x_wconf 71' lang='grc' dir='ltr'>’πόλις</span> <span class='ocrx_word' id='word_1_148' title='bbox 1416 1395 1631 1461; x_wconf 59' lang='grc' dir='ltr'>Θρςίιωᾳς.</span> <span class='ocrx_word' id='word_1_149' title='bbox 1651 1437 1662 1447; x_wconf 88' lang='grc'><strong>.</strong></span> <span class='ocrx_word' id='word_1_150' title='bbox 1683 1437 1693 1446; x_wconf 93' lang='grc'><strong>.</strong></span> <span class='ocrx_word' id='word_1_151' title='bbox 1722 1392 1776 1449; x_wconf 61' lang='lat' dir='ltr'>w*</span> <span class='ocrx_word' id='word_1_152' title='bbox 1804 1394 1910 1448; x_wconf 79' lang='grc' dir='ltr'>ἐθνι-</span> 
     </span>
     <span class='ocr_line' id='line_1_18' title="bbox 345 1465 1913 1539; baseline 0 -20"><span class='ocrx_word' id='word_1_153' title='bbox 345 1465 414 1519; x_wconf 79' lang='grc' dir='ltr'>κόν</span> <span class='ocrx_word' id='word_1_154' title='bbox 433 1509 447 1532; x_wconf 86' lang='lat'>,</span> <span class='ocrx_word' id='word_1_155' title='bbox 476 1466 754 1534; x_wconf 61' lang='lat' dir='ltr'>’Ay-Acen&amp;</span> <span class='ocrx_word' id='word_1_156' title='bbox 772 1508 787 1532; x_wconf 85' lang='lat'>,</span> <span class='ocrx_word' id='word_1_157' title='bbox 810 1471 863 1518; x_wconf 69' lang='grc' dir='ltr'>ὅ(</span> <span class='ocrx_word' id='word_1_158' title='bbox 895 1466 1186 1533; x_wconf 55' lang='lat' dir='ltr'>’Amo-uirens.</span> <span class='ocrx_word' id='word_1_159' title='bbox 1224 1467 1384 1539; x_wconf 87' lang='lat' dir='ltr'>Apud</span> <span class='ocrx_word' id='word_1_160' title='bbox 1423 1467 1720 1520; x_wconf 86' lang='lat' dir='ltr'>Tristanum</span> <span class='ocrx_word' id='word_1_161' title='bbox 1740 1509 1754 1532; x_wconf 85' lang='lat'>,</span> <span class='ocrx_word' id='word_1_162' title='bbox 1782 1480 1913 1519; x_wconf 90' lang='lat' dir='ltr'>tom.</span> 
     </span>
     <span class='ocr_line' id='line_1_19' title="bbox 347 1538 1914 1614; baseline -0.001 -21"><span class='ocrx_word' id='word_1_163' title='bbox 347 1562 386 1595; x_wconf 89' lang='lat'>1.</span> <span class='ocrx_word' id='word_1_164' title='bbox 415 1557 533 1614; x_wconf 81' lang='lat' dir='ltr'>pag.</span> <span class='ocrx_word' id='word_1_165' title='bbox 566 1561 681 1613; x_wconf 83' lang='lat'><em>500.</em></span> <span class='ocrx_word' id='word_1_166' title='bbox 713 1558 985 1592; x_wconf 88' lang='lat' dir='ltr'>nummum</span> <span class='ocrx_word' id='word_1_167' title='bbox 1020 1541 1314 1602; x_wconf 84' lang='lat' dir='ltr'>Hadriani,</span> <span class='ocrx_word' id='word_1_168' title='bbox 1352 1553 1604 1600; x_wconf 73' lang='lat' dir='ltr'>AHCEI</span> <span class='ocrx_word' id='word_1_169' title='bbox 1623 1555 1673 1600; x_wconf 79' lang='grc' dir='ltr'>Ω</span> <span class='ocrx_word' id='word_1_170' title='bbox 1692 1555 1767 1607; x_wconf 88' lang='lat' dir='ltr'>N,</span> <span class='ocrx_word' id='word_1_171' title='bbox 1789 1538 1914 1592; x_wconf 89' lang='lat' dir='ltr'>hinc</span> 
     </span>
     <span class='ocr_line' id='line_1_20' title="bbox 347 1613 1912 1688; baseline 0 -22"><span class='ocrx_word' id='word_1_172' title='bbox 347 1614 655 1668; x_wconf 85' lang='lat' dir='ltr'>emendabis</span> <span class='ocrx_word' id='word_1_173' title='bbox 673 1660 687 1680; x_wconf 90' lang='lat'>,</span> <span class='ocrx_word' id='word_1_174' title='bbox 717 1613 963 1688; x_wconf 80' lang='lat' dir='ltr'>legesque</span> <span class='ocrx_word' id='word_1_175' title='bbox 1004 1630 1049 1673; x_wconf 87' lang='lat' dir='ltr'>A</span> <span class='ocrx_word' id='word_1_176' title='bbox 1064 1628 1102 1674; x_wconf 92' lang='grc' dir='ltr'><strong>Γ</strong></span> <span class='ocrx_word' id='word_1_177' title='bbox 1117 1629 1166 1673; x_wconf 90' lang='lat' dir='ltr'>H</span> <span class='ocrx_word' id='word_1_178' title='bbox 1182 1628 1220 1673; x_wconf 93' lang='lat' dir='ltr'>C</span> <span class='ocrx_word' id='word_1_179' title='bbox 1235 1629 1273 1673; x_wconf 90' lang='lat' dir='ltr'>E</span> <span class='ocrx_word' id='word_1_180' title='bbox 1291 1628 1312 1672; x_wconf 92' lang='lat' dir='ltr'>I</span> <span class='ocrx_word' id='word_1_181' title='bbox 1332 1630 1382 1675; x_wconf 85' lang='grc' dir='ltr'>Ω</span> <span class='ocrx_word' id='word_1_182' title='bbox 1399 1630 1459 1673; x_wconf 91' lang='lat' dir='ltr'>N.</span> <span class='ocrx_word' id='word_1_183' title='bbox 1513 1620 1572 1670; x_wconf 91' lang='lat' dir='ltr'>In</span> <span class='ocrx_word' id='word_1_184' title='bbox 1596 1614 1768 1669; x_wconf 85' lang='lat' dir='ltr'>aversa</span> <span class='ocrx_word' id='word_1_185' title='bbox 1803 1615 1912 1687; x_wconf 89' lang='lat' dir='ltr'>ejus</span> 
     </span>
     <span class='ocr_line' id='line_1_21' title="bbox 341 1690 1911 1763; baseline 0.001 -22"><span class='ocrx_word' id='word_1_186' title='bbox 341 1692 543 1742; x_wconf 86' lang='lat' dir='ltr'>nummi</span> <span class='ocrx_word' id='word_1_187' title='bbox 569 1705 715 1763; x_wconf 86' lang='lat' dir='ltr'>parte</span> <span class='ocrx_word' id='word_1_188' title='bbox 735 1692 1033 1761; x_wconf 83' lang='lat' dir='ltr'>Imperator</span> <span class='ocrx_word' id='word_1_189' title='bbox 1060 1708 1201 1763; x_wconf 89' lang='lat' dir='ltr'>equo</span> <span class='ocrx_word' id='word_1_190' title='bbox 1229 1693 1358 1743; x_wconf 88' lang='lat' dir='ltr'>citus</span> <span class='ocrx_word' id='word_1_191' title='bbox 1383 1690 1563 1746; x_wconf 84' lang='lat' dir='ltr'>fertur.</span> <span class='ocrx_word' id='word_1_192' title='bbox 1593 1691 1732 1745; x_wconf 90' lang='lat' dir='ltr'>Illud</span> <span class='ocrx_word' id='word_1_193' title='bbox 1748 1706 1911 1762; x_wconf 85' lang='lat' dir='ltr'>porro</span> 
     </span>
     <span class='ocr_line' id='line_1_22' title="bbox 344 1764 1910 1840; baseline -0.001 -22"><span class='ocrx_word' id='word_1_194' title='bbox 344 1766 394 1818; x_wconf 89' lang='lat' dir='ltr'>C</span> <span class='ocrx_word' id='word_1_195' title='bbox 417 1783 514 1838; x_wconf 91' lang='lat' dir='ltr'>pro</span> <span class='ocrx_word' id='word_1_196' title='bbox 536 1774 583 1827; x_wconf 83' lang='grc' dir='ltr'>Σ</span> <span class='ocrx_word' id='word_1_197' title='bbox 603 1810 616 1832; x_wconf 86' lang='lat'>‚</span> <span class='ocrx_word' id='word_1_198' title='bbox 637 1766 783 1837; x_wconf 88' lang='lat' dir='ltr'>quod</span> <span class='ocrx_word' id='word_1_199' title='bbox 808 1764 965 1819; x_wconf 91' lang='lat' dir='ltr'>semel</span> <span class='ocrx_word' id='word_1_200' title='bbox 993 1764 1245 1818; x_wconf 78' lang='lat' dir='ltr'>monuisse</span> <span class='ocrx_word' id='word_1_201' title='bbox 1277 1785 1450 1840; x_wconf 81' lang='lat' dir='ltr'>operae</span> <span class='ocrx_word' id='word_1_202' title='bbox 1482 1769 1709 1839; x_wconf 87' lang='lat' dir='ltr'>pretium</span> <span class='ocrx_word' id='word_1_203' title='bbox 1735 1764 1910 1831; x_wconf 87' lang='lat' dir='ltr'>fuerit,</span> 
     </span>
     <span class='ocr_line' id='line_1_23' title="bbox 344 1839 1915 1913; baseline 0 -22"><span class='ocrx_word' id='word_1_204' title='bbox 344 1857 451 1891; x_wconf 89' lang='lat' dir='ltr'>non</span> <span class='ocrx_word' id='word_1_205' title='bbox 482 1839 592 1893; x_wconf 86' lang='lat' dir='ltr'>fere</span> <span class='ocrx_word' id='word_1_206' title='bbox 617 1842 857 1893; x_wconf 87' lang='lat' dir='ltr'>occurrit</span> <span class='ocrx_word' id='word_1_207' title='bbox 890 1842 943 1893; x_wconf 86' lang='lat' dir='ltr'>in</span> <span class='ocrx_word' id='word_1_208' title='bbox 967 1843 1192 1894; x_wconf 87' lang='lat' dir='ltr'>nummis</span> <span class='ocrx_word' id='word_1_209' title='bbox 1225 1856 1350 1893; x_wconf 86' lang='lat' dir='ltr'>ante</span> <span class='ocrx_word' id='word_1_210' title='bbox 1386 1845 1688 1896; x_wconf 88' lang='lat' dir='ltr'>Domitiani</span> <span class='ocrx_word' id='word_1_211' title='bbox 1723 1842 1915 1913; x_wconf 84' lang='lat' dir='ltr'>princi-</span> 
     </span>
     <span class='ocr_line' id='line_1_24' title="bbox 344 1913 1913 1990; baseline -0.001 -25"><span class='ocrx_word' id='word_1_212' title='bbox 344 1929 553 1988; x_wconf 83' lang='lat' dir='ltr'>patum:</span> <span class='ocrx_word' id='word_1_213' title='bbox 575 1915 694 1990; x_wconf 89' lang='lat' dir='ltr'>post</span> <span class='ocrx_word' id='word_1_214' title='bbox 715 1913 860 1967; x_wconf 89' lang='lat' dir='ltr'>illum</span> <span class='ocrx_word' id='word_1_215' title='bbox 881 1959 896 1981; x_wconf 83' lang='lat'>,</span> <span class='ocrx_word' id='word_1_216' title='bbox 926 1935 1036 1968; x_wconf 89' lang='lat' dir='ltr'>non</span> <span class='ocrx_word' id='word_1_217' title='bbox 1056 1916 1205 1968; x_wconf 86' lang='lat' dir='ltr'>aliter</span> <span class='ocrx_word' id='word_1_218' title='bbox 1232 1915 1368 1970; x_wconf 86' lang='lat' dir='ltr'>fere:</span> <span class='ocrx_word' id='word_1_219' title='bbox 1397 1930 1572 1969; x_wconf 89' lang='lat' dir='ltr'>vetere</span> <span class='ocrx_word' id='word_1_220' title='bbox 1601 1917 1774 1970; x_wconf 82' lang='lat' dir='ltr'>forma</span> <span class='ocrx_word' id='word_1_221' title='bbox 1795 1916 1913 1989; x_wconf 83' lang='lat' dir='ltr'>pin..</span> 
     </span>
    </p>

    <p class='ocr_par' dir='ltr' id='par_1_5' title="bbox 255 1989 1750 2065">
     <span class='ocr_line' id='line_1_25' title="bbox 255 1989 1750 2065; baseline 0.004 -26"><span class='ocrx_word' id='word_1_222' title='bbox 255 2006 258 2008; x_wconf 45' lang='lat'><em>⁷</em></span> <span class='ocrx_word' id='word_1_223' title='bbox 345 1991 503 2062; x_wconf 86' lang='lat' dir='ltr'>gendi</span> <span class='ocrx_word' id='word_1_224' title='bbox 532 1989 704 2060; x_wconf 61' lang='grc' dir='ltr'>σίΓμω,</span> <span class='ocrx_word' id='word_1_225' title='bbox 730 2007 823 2063; x_wconf 84' lang='lat' dir='ltr'>per</span> <span class='ocrx_word' id='word_1_226' title='bbox 849 1999 895 2051; x_wconf 81' lang='grc' dir='ltr'>Σ</span> <span class='ocrx_word' id='word_1_227' title='bbox 918 2034 931 2057; x_wconf 83' lang='grc'><em>,</em></span> <span class='ocrx_word' id='word_1_228' title='bbox 964 2008 993 2042; x_wconf 94' lang='lat' dir='ltr'>e</span> <span class='ocrx_word' id='word_1_229' title='bbox 1016 1994 1238 2043; x_wconf 88' lang='lat' dir='ltr'>nummis</span> <span class='ocrx_word' id='word_1_230' title='bbox 1260 1989 1465 2064; x_wconf 84' lang='lat' dir='ltr'>prorsus</span> <span class='ocrx_word' id='word_1_231' title='bbox 1491 1991 1750 2065; x_wconf 84' lang='lat' dir='ltr'>ablegata.</span> 
     </span>
    </p>

    <p class='ocr_par' dir='ltr' id='par_1_6' title="bbox 269 2066 1908 2211">
     <span class='ocr_line' id='line_1_26' title="bbox 269 2066 1908 2137; baseline 0.001 -19"><span class='ocrx_word' id='word_1_232' title='bbox 269 2080 314 2121; x_wconf 82' lang='grc' dir='ltr'><strong>Α</strong></span> <span class='ocrx_word' id='word_1_233' title='bbox 328 2075 366 2121; x_wconf 92' lang='grc' dir='ltr'><strong>Γ</strong></span> <span class='ocrx_word' id='word_1_234' title='bbox 382 2076 461 2121; x_wconf 84' lang='lat' dir='ltr'>EC</span> <span class='ocrx_word' id='word_1_235' title='bbox 479 2077 517 2122; x_wconf 89' lang='lat' dir='ltr'>C</span> <span class='ocrx_word' id='word_1_236' title='bbox 533 2079 555 2122; x_wconf 95' lang='lat'>1</span> <span class='ocrx_word' id='word_1_237' title='bbox 574 2078 625 2122; x_wconf 82' lang='grc' dir='ltr'>Ω</span> <span class='ocrx_word' id='word_1_238' title='bbox 642 2081 703 2123; x_wconf 95' lang='lat' dir='ltr'>N.</span> <span class='ocrx_word' id='word_1_239' title='bbox 732 2066 891 2137; x_wconf 83' lang='lat' dir='ltr'>Apud</span> <span class='ocrx_word' id='word_1_240' title='bbox 921 2066 1201 2122; x_wconf 87' lang='lat' dir='ltr'>Goltzium</span> <span class='ocrx_word' id='word_1_241' title='bbox 1219 2106 1236 2128; x_wconf 89' lang='lat'><em>,</em></span> <span class='ocrx_word' id='word_1_242' title='bbox 1252 2068 1304 2117; x_wconf 92' lang='lat' dir='ltr'>in</span> <span class='ocrx_word' id='word_1_243' title='bbox 1324 2080 1502 2119; x_wconf 90' lang='lat' dir='ltr'>vetere</span> <span class='ocrx_word' id='word_1_244' title='bbox 1532 2067 1737 2120; x_wconf 83' lang='lat' dir='ltr'>Graecia</span> <span class='ocrx_word' id='word_1_245' title='bbox 1753 2109 1767 2133; x_wconf 85' lang='lat'>,</span> <span class='ocrx_word' id='word_1_246' title='bbox 1802 2066 1908 2119; x_wconf 88' lang='lat' dir='ltr'>tab.</span> 
     </span>
     <span class='ocr_line' id='line_1_27' title="bbox 338 2139 1436 2211; baseline 0.002 -21"><span class='ocrx_word' id='word_1_247' title='bbox 338 2156 371 2190; x_wconf 87' lang='lat' dir='ltr'><strong>x</strong></span> <span class='ocrx_word' id='word_1_248' title='bbox 388 2157 419 2190; x_wconf 86' lang='lat' dir='ltr'><strong>x</strong></span> <span class='ocrx_word' id='word_1_249' title='bbox 438 2157 468 2189; x_wconf 92' lang='lat' dir='ltr'>v</span> <span class='ocrx_word' id='word_1_250' title='bbox 487 2160 503 2191; x_wconf 92' lang='lat'>1</span> <span class='ocrx_word' id='word_1_251' title='bbox 523 2162 541 2193; x_wconf 93' lang='lat'>1</span> <span class='ocrx_word' id='word_1_252' title='bbox 560 2160 595 2193; x_wconf 83' lang='lat'>1.</span> <span class='ocrx_word' id='word_1_253' title='bbox 630 2155 746 2189; x_wconf 89' lang='lat' dir='ltr'>cum</span> <span class='ocrx_word' id='word_1_254' title='bbox 781 2140 953 2210; x_wconf 86' lang='lat' dir='ltr'>Pythii</span> <span class='ocrx_word' id='word_1_255' title='bbox 976 2139 1241 2211; x_wconf 84' lang='lat' dir='ltr'>Apollinis</span> <span class='ocrx_word' id='word_1_256' title='bbox 1269 2143 1436 2192; x_wconf 91' lang='lat' dir='ltr'>icone.</span> 
     </span>
    </p>

    <p class='ocr_par' dir='ltr' id='par_1_7' title="bbox 193 2213 1977 2580">
     <span class='ocr_line' id='line_1_28' title="bbox 193 2213 1906 2286; baseline 0 -24"><span class='ocrx_word' id='word_1_257' title='bbox 193 2227 238 2271; x_wconf 73' lang='lat' dir='ltr'>A</span> <span class='ocrx_word' id='word_1_258' title='bbox 253 2227 342 2273; x_wconf 80' lang='grc' dir='ltr'>ΓΡ</span> <span class='ocrx_word' id='word_1_259' title='bbox 361 2224 384 2267; x_wconf 91' lang='grc' dir='ltr'>Ι</span> <span class='ocrx_word' id='word_1_260' title='bbox 403 2223 452 2267; x_wconf 89' lang='grc' dir='ltr'>Π</span> <span class='ocrx_word' id='word_1_261' title='bbox 471 2224 519 2267; x_wconf 90' lang='grc' dir='ltr'>Π</span> <span class='ocrx_word' id='word_1_262' title='bbox 538 2226 575 2269; x_wconf 83' lang='grc' dir='ltr'><em>Ε</em></span> <span class='ocrx_word' id='word_1_263' title='bbox 599 2225 649 2269; x_wconf 87' lang='grc' dir='ltr'>Ω</span> <span class='ocrx_word' id='word_1_264' title='bbox 668 2227 730 2268; x_wconf 90' lang='lat' dir='ltr'>N.</span> <span class='ocrx_word' id='word_1_265' title='bbox 756 2214 1024 2264; x_wconf 86' lang='lat' dir='ltr'>Nummus</span> <span class='ocrx_word' id='word_1_266' title='bbox 1055 2229 1083 2262; x_wconf 90' lang='lat' dir='ltr'>e</span> <span class='ocrx_word' id='word_1_267' title='bbox 1107 2213 1334 2264; x_wconf 89' lang='lat' dir='ltr'>Cimelio</span> <span class='ocrx_word' id='word_1_268' title='bbox 1365 2216 1539 2284; x_wconf 82' lang='lat' dir='ltr'>Regio</span> <span class='ocrx_word' id='word_1_269' title='bbox 1556 2257 1568 2280; x_wconf 83' lang='lat'>‚</span> <span class='ocrx_word' id='word_1_270' title='bbox 1590 2217 1640 2264; x_wconf 89' lang='lat' dir='ltr'>in</span> <span class='ocrx_word' id='word_1_271' title='bbox 1661 2231 1770 2283; x_wconf 87' lang='lat' dir='ltr'>quo</span> <span class='ocrx_word' id='word_1_272' title='bbox 1789 2230 1906 2286; x_wconf 87' lang='lat' dir='ltr'>pro..</span> 
     </span>
     <span class='ocr_line' id='line_1_29' title="bbox 348 2285 1912 2359; baseline 0.002 -21"><span class='ocrx_word' id='word_1_273' title='bbox 348 2305 415 2338; x_wconf 83' lang='lat' dir='ltr'>rae</span> <span class='ocrx_word' id='word_1_274' title='bbox 437 2286 660 2358; x_wconf 84' lang='lat' dir='ltr'>effigies:</span> <span class='ocrx_word' id='word_1_275' title='bbox 695 2301 759 2335; x_wconf 83' lang='lat' dir='ltr'>ex</span> <span class='ocrx_word' id='word_1_276' title='bbox 802 2299 947 2357; x_wconf 90' lang='lat' dir='ltr'>parte</span> <span class='ocrx_word' id='word_1_277' title='bbox 973 2285 1145 2336; x_wconf 83' lang='lat' dir='ltr'>aversa</span> <span class='ocrx_word' id='word_1_278' title='bbox 1185 2300 1347 2359; x_wconf 85' lang='lat' dir='ltr'>caput</span> <span class='ocrx_word' id='word_1_279' title='bbox 1391 2287 1617 2339; x_wconf 83' lang='lat' dir='ltr'>velatum</span> <span class='ocrx_word' id='word_1_280' title='bbox 1638 2331 1651 2354; x_wconf 79' lang='lat'>,</span> <span class='ocrx_word' id='word_1_281' title='bbox 1677 2288 1912 2353; x_wconf 60' lang='grc' dir='ltr'>Γερρυσίας</span> 
     </span>
     <span class='ocr_line' id='line_1_30' title="bbox 344 2357 1908 2436; baseline -0.001 -25"><span class='ocrx_word' id='word_1_282' title='bbox 344 2360 479 2412; x_wconf 86' lang='lat' dir='ltr'>illius</span> <span class='ocrx_word' id='word_1_283' title='bbox 509 2361 730 2412; x_wconf 89' lang='lat' dir='ltr'>civitatis</span> <span class='ocrx_word' id='word_1_284' title='bbox 751 2401 766 2421; x_wconf 83' lang='lat'>‚</span> <span class='ocrx_word' id='word_1_285' title='bbox 793 2360 898 2412; x_wconf 88' lang='lat' dir='ltr'>hoc</span> <span class='ocrx_word' id='word_1_286' title='bbox 937 2359 1041 2427; x_wconf 88' lang='lat' dir='ltr'>est,</span> <span class='ocrx_word' id='word_1_287' title='bbox 1078 2361 1295 2413; x_wconf 89' lang='lat' dir='ltr'>Senatus</span> <span class='ocrx_word' id='word_1_288' title='bbox 1321 2403 1336 2427; x_wconf 85' lang='lat'>,</span> <span class='ocrx_word' id='word_1_289' title='bbox 1373 2357 1457 2412; x_wconf 90' lang='lat' dir='ltr'>seu</span> <span class='ocrx_word' id='word_1_290' title='bbox 1491 2361 1661 2414; x_wconf 84' lang='lat' dir='ltr'>Curiae</span> <span class='ocrx_word' id='word_1_291' title='bbox 1701 2361 1908 2436; x_wconf 86' lang='lat' dir='ltr'>symbo-</span> 
     </span>
     <span class='ocr_line' id='line_1_31' title="bbox 345 2430 1977 2560; baseline 0.004 -75"><span class='ocrx_word' id='word_1_292' title='bbox 345 2434 470 2560; x_wconf 63' lang='lat' dir='ltr'>llum.</span> <span class='ocrx_word' id='word_1_293' title='bbox 509 2432 681 2492; x_wconf 85' lang='lat' dir='ltr'>Plinio</span> <span class='ocrx_word' id='word_1_294' title='bbox 700 2477 713 2501; x_wconf 85' lang='lat'>,</span> <span class='ocrx_word' id='word_1_295' title='bbox 740 2433 830 2487; x_wconf 89' lang='lat' dir='ltr'>lib.</span> <span class='ocrx_word' id='word_1_296' title='bbox 861 2454 910 2487; x_wconf 88' lang='lat' dir='ltr'>v.</span> <span class='ocrx_word' id='word_1_297' title='bbox 938 2433 1056 2490; x_wconf 68' lang='lat' dir='ltr'>sest.</span> <span class='ocrx_word' id='word_1_298' title='bbox 1093 2453 1174 2490; x_wconf 82' lang='lat' dir='ltr'>XL</span> <span class='ocrx_word' id='word_1_299' title='bbox 1195 2456 1213 2489; x_wconf 90' lang='lat'>1</span> <span class='ocrx_word' id='word_1_300' title='bbox 1235 2456 1307 2491; x_wconf 89' lang='lat'>11.</span> <span class='ocrx_word' id='word_1_301' title='bbox 1338 2436 1666 2511; x_wconf 71' lang='lat' dir='ltr'>Agrippenst’s</span> <span class='ocrx_word' id='word_1_302' title='bbox 1690 2481 1705 2505; x_wconf 89' lang='lat'>,</span> <span class='ocrx_word' id='word_1_303' title='bbox 1745 2439 1795 2489; x_wconf 91' lang='lat' dir='ltr'>in</span> <span class='ocrx_word' id='word_1_304' title='bbox 1823 2441 1912 2491; x_wconf 89' lang='lat' dir='ltr'>Bi-</span> <span class='ocrx_word' id='word_1_305' title='bbox 1969 2430 1977 2434; x_wconf 15' lang='lat' dir='ltr'>N</span> 
     </span>
     <span class='ocr_line' id='line_1_32' title="bbox 339 2523 535 2580; baseline 0.02 -21"><span class='ocrx_word' id='word_1_306' title='bbox 339 2523 359 2559; x_wconf 95' lang='lat' dir='ltr'>t</span> <span class='ocrx_word' id='word_1_307' title='bbox 378 2527 535 2580; x_wconf 72' lang='lat' dir='ltr'>1yn1a.</span> 
     </span>
    </p>

    <p class='ocr_par' dir='ltr' id='par_1_8' title="bbox 271 2584 1913 3030">
     <span class='ocr_line' id='line_1_33' title="bbox 271 2584 1909 2644; baseline 0.002 -4"><span class='ocrx_word' id='word_1_308' title='bbox 271 2585 446 2640; x_wconf 87' lang='lat' dir='ltr'><strong>COL.</strong></span> <span class='ocrx_word' id='word_1_309' title='bbox 490 2584 914 2640; x_wconf 86' lang='lat' dir='ltr'><strong>AGRIPPA.</strong></span> <span class='ocrx_word' id='word_1_310' title='bbox 958 2585 1142 2639; x_wconf 89' lang='lat' dir='ltr'>COR.</span> <span class='ocrx_word' id='word_1_311' title='bbox 1179 2590 1231 2638; x_wconf 72' lang='grc' dir='ltr'>ὅ(</span> <span class='ocrx_word' id='word_1_312' title='bbox 1268 2585 1443 2640; x_wconf 89' lang='lat' dir='ltr'><strong>COL.</strong></span> <span class='ocrx_word' id='word_1_313' title='bbox 1478 2586 1909 2644; x_wconf 83' lang='lat' dir='ltr'>AGRIPPA.</span> 
     </span>
     <span class='ocr_line' id='line_1_34' title="bbox 344 2659 1911 2730; baseline 0.001 -17"><span class='ocrx_word' id='word_1_314' title='bbox 344 2661 383 2713; x_wconf 94' lang='lat' dir='ltr'>P</span> <span class='ocrx_word' id='word_1_315' title='bbox 406 2661 512 2713; x_wconf 90' lang='lat' dir='ltr'>AT</span> <span class='ocrx_word' id='word_1_316' title='bbox 531 2662 584 2715; x_wconf 88' lang='lat' dir='ltr'>R</span> <span class='ocrx_word' id='word_1_317' title='bbox 603 2662 624 2712; x_wconf 97' lang='lat' dir='ltr'>I</span> <span class='ocrx_word' id='word_1_318' title='bbox 644 2660 691 2712; x_wconf 89' lang='lat' dir='ltr'>C</span> <span class='ocrx_word' id='word_1_319' title='bbox 710 2661 732 2712; x_wconf 93' lang='lat' dir='ltr'>I</span> <span class='ocrx_word' id='word_1_320' title='bbox 750 2660 812 2712; x_wconf 91' lang='lat' dir='ltr'>A.</span> <span class='ocrx_word' id='word_1_321' title='bbox 847 2676 876 2710; x_wconf 85' lang='lat' dir='ltr'>a</span> <span class='ocrx_word' id='word_1_322' title='bbox 924 2659 1154 2716; x_wconf 87' lang='lat' dir='ltr'>Goltzio</span> <span class='ocrx_word' id='word_1_323' title='bbox 1186 2662 1238 2711; x_wconf 91' lang='lat' dir='ltr'>in</span> <span class='ocrx_word' id='word_1_324' title='bbox 1281 2659 1553 2715; x_wconf 79' lang='lat' dir='ltr'>Thesauro</span> <span class='ocrx_word' id='word_1_325' title='bbox 1582 2662 1881 2714; x_wconf 84' lang='lat' dir='ltr'>referuntur</span> <span class='ocrx_word' id='word_1_326' title='bbox 1896 2706 1911 2730; x_wconf 83' lang='lat'>,</span> 
     </span>
     <span class='ocr_line' id='line_1_35' title="bbox 344 2732 1913 2808; baseline 0.003 -24"><span class='ocrx_word' id='word_1_327' title='bbox 344 2750 464 2806; x_wconf 80' lang='lat' dir='ltr'>pag.</span> <span class='ocrx_word' id='word_1_328' title='bbox 496 2739 612 2803; x_wconf 79' lang='lat'><em>236.</em></span> <span class='ocrx_word' id='word_1_329' title='bbox 639 2748 803 2805; x_wconf 87' lang='lat' dir='ltr'>atque</span> <span class='ocrx_word' id='word_1_330' title='bbox 835 2750 899 2785; x_wconf 87' lang='lat' dir='ltr'>ex</span> <span class='ocrx_word' id='word_1_331' title='bbox 916 2752 981 2786; x_wconf 93' lang='lat' dir='ltr'>eo</span> <span class='ocrx_word' id='word_1_332' title='bbox 994 2732 1317 2788; x_wconf 83' lang='lat' dir='ltr'>Thesaurum</span> <span class='ocrx_word' id='word_1_333' title='bbox 1339 2752 1555 2808; x_wconf 76' lang='lat' dir='ltr'>quoque</span> <span class='ocrx_word' id='word_1_334' title='bbox 1579 2734 1722 2788; x_wconf 88' lang='lat' dir='ltr'>suum</span> <span class='ocrx_word' id='word_1_335' title='bbox 1754 2739 1913 2790; x_wconf 89' lang='lat' dir='ltr'>Orte-</span> 
     </span>
     <span class='ocr_line' id='line_1_36' title="bbox 345 2805 1911 2882; baseline 0.001 -25"><span class='ocrx_word' id='word_1_336' title='bbox 345 2807 441 2858; x_wconf 89' lang='lat' dir='ltr'>lius</span> <span class='ocrx_word' id='word_1_337' title='bbox 468 2807 810 2882; x_wconf 85' lang='lat' dir='ltr'>locupletavit</span> <span class='ocrx_word' id='word_1_338' title='bbox 835 2833 846 2860; x_wconf 90' lang='lat'><strong>:</strong></span> <span class='ocrx_word' id='word_1_339' title='bbox 883 2807 969 2861; x_wconf 90' lang='lat' dir='ltr'>sed</span> <span class='ocrx_word' id='word_1_340' title='bbox 992 2805 1183 2861; x_wconf 60' lang='lat' dir='ltr'>fadum</span> <span class='ocrx_word' id='word_1_341' title='bbox 1202 2811 1270 2861; x_wconf 89' lang='lat' dir='ltr'>ab</span> <span class='ocrx_word' id='word_1_342' title='bbox 1297 2825 1527 2881; x_wconf 86' lang='lat' dir='ltr'>utroque</span> <span class='ocrx_word' id='word_1_343' title='bbox 1548 2813 1783 2863; x_wconf 84' lang='lat' dir='ltr'>incaute:</span> <span class='ocrx_word' id='word_1_344' title='bbox 1818 2826 1911 2862; x_wconf 87' lang='lat' dir='ltr'>ne-</span> 
     </span>
     <span class='ocr_line' id='line_1_37' title="bbox 345 2881 1913 2958; baseline 0.003 -26"><span class='ocrx_word' id='word_1_345' title='bbox 345 2898 449 2952; x_wconf 90' lang='lat' dir='ltr'>que</span> <span class='ocrx_word' id='word_1_346' title='bbox 477 2884 614 2934; x_wconf 88' lang='lat' dir='ltr'>enim</span> <span class='ocrx_word' id='word_1_347' title='bbox 653 2883 874 2934; x_wconf 84' lang='lat' dir='ltr'>coloniae</span> <span class='ocrx_word' id='word_1_348' title='bbox 899 2883 972 2935; x_wconf 90' lang='lat' dir='ltr'>ibi</span> <span class='ocrx_word' id='word_1_349' title='bbox 1003 2927 1017 2950; x_wconf 86' lang='lat'>,</span> <span class='ocrx_word' id='word_1_350' title='bbox 1056 2881 1143 2935; x_wconf 91' lang='lat' dir='ltr'>sed</span> <span class='ocrx_word' id='word_1_351' title='bbox 1169 2885 1266 2934; x_wconf 88' lang='lat' dir='ltr'>viri</span> <span class='ocrx_word' id='word_1_352' title='bbox 1292 2901 1486 2936; x_wconf 89' lang='lat' dir='ltr'>nomen</span> <span class='ocrx_word' id='word_1_353' title='bbox 1526 2886 1767 2958; x_wconf 79' lang='lat' dir='ltr'>Agrippa</span> <span class='ocrx_word' id='word_1_354' title='bbox 1805 2883 1879 2937; x_wconf 90' lang='lat' dir='ltr'>est</span> <span class='ocrx_word' id='word_1_355' title='bbox 1897 2930 1913 2952; x_wconf 82' lang='lat'>,</span> 
     </span>
     <span class='ocr_line' id='line_1_38' title="bbox 344 2955 1913 3030; baseline 0.003 -23"><span class='ocrx_word' id='word_1_356' title='bbox 344 2955 447 3008; x_wconf 87' lang='lat' dir='ltr'>five</span> <span class='ocrx_word' id='word_1_357' title='bbox 470 2957 752 3009; x_wconf 86' lang='lat' dir='ltr'>Duumviri</span> <span class='ocrx_word' id='word_1_358' title='bbox 788 2956 894 3027; x_wconf 85' lang='lat' dir='ltr'>ejus</span> <span class='ocrx_word' id='word_1_359' title='bbox 922 2958 1175 3024; x_wconf 68' lang='lat' dir='ltr'>coloniae,</span> <span class='ocrx_word' id='word_1_360' title='bbox 1210 2957 1312 3011; x_wconf 90' lang='lat' dir='ltr'>five</span> <span class='ocrx_word' id='word_1_361' title='bbox 1342 2957 1474 3009; x_wconf 91' lang='lat' dir='ltr'>illius</span> <span class='ocrx_word' id='word_1_362' title='bbox 1506 2962 1595 3030; x_wconf 86' lang='lat' dir='ltr'>qui</span> <span class='ocrx_word' id='word_1_363' title='bbox 1623 2960 1820 3010; x_wconf 84' lang='lat' dir='ltr'>amicus</span> <span class='ocrx_word' id='word_1_364' title='bbox 1851 2973 1913 3012; x_wconf 78' lang='lat' dir='ltr'>ac</span> 
     </span>
    </p>
   </div>
   <div class='ocr_carea' id='block_1_2' title="bbox 345 3028 1914 3108">
    <p class='ocr_par' dir='ltr' id='par_1_9' title="bbox 345 3028 1914 3108">
     <span class='ocr_line' id='line_1_39' title="bbox 345 3028 1914 3108; baseline 0.003 -25"><span class='ocrx_word' id='word_1_365' title='bbox 345 3046 507 3104; x_wconf 83' lang='lat' dir='ltr'>gener</span> <span class='ocrx_word' id='word_1_366' title='bbox 523 3029 744 3106; x_wconf 84' lang='lat' dir='ltr'>Augusti</span> <span class='ocrx_word' id='word_1_367' title='bbox 769 3028 897 3094; x_wconf 69' lang='lat' dir='ltr'>fuit:</span> <span class='ocrx_word' id='word_1_368' title='bbox 927 3034 1262 3108; x_wconf 83' lang='lat' dir='ltr'>pertinetque</span> <span class='ocrx_word' id='word_1_369' title='bbox 1281 3050 1522 3087; x_wconf 86' lang='lat' dir='ltr'>nummus</span> <span class='ocrx_word' id='word_1_370' title='bbox 1544 3030 1676 3087; x_wconf 83' lang='lat' dir='ltr'>alter</span> <span class='ocrx_word' id='word_1_371' title='bbox 1699 3034 1768 3087; x_wconf 85' lang='lat' dir='ltr'>ad</span> <span class='ocrx_word' id='word_1_372' title='bbox 1799 3033 1914 3089; x_wconf 76' lang='lat' dir='ltr'>Co-</span> 
     </span>
    </p>
   </div>
  </div>
 </body>
</html>
