2228 3428
671 229 1377 285 ILLUSTRATI.
1816 246 1910 298 423

319 312 673 363 ΓΑΛΑΤΩΝ.
698 306 781 358 Ad
810 304 950 357 illam
978 321 1102 356 vero
1127 312 1482 362 ΑΣΙΑΡΧΟΥ
1517 300 1662 375 quod
1694 305 1904 370 attinet,

321 395 386 430 ex
413 382 470 431 iis
497 399 611 452 quae
635 380 744 452 jam
769 394 924 431 antea
962 376 1330 442 delibavimuS,
1367 381 1416 428 in
1443 380 1667 430 nummis
1690 389 1725 433 Β
1743 388 1903 435 ΙΘΥ.

322 466 571 520 ΝΙΩΝ,
607 464 1040 518 ΓΑΛΑΤΩΝ,
1077 463 1365 510 ΚΡΗΤΩΝ
1388 498 1401 520 ,
1427 453 1551 523 quid
1579 452 1906 531 fit'Ama'pffi

319 528 532 582 abunde
576 530 740 601 liquet
767 553 777 581 z
810 528 991 601 praeses
1021 544 1212 599 nempe
1243 528 1484 578 ludorum
1525 527 1861 582 theatralium
1885 574 1900 596 ,

319 606 770 674 certaminumque
788 646 802 668 ‚
827 621 941 674 qua:
967 619 993 652 a
1013 615 1121 651 tota
1141 602 1520 652 communitate
1553 601 1660 671 ejus
1685 606 1898 674 provin-

322 680 481 730 ciaein
502 678 799 748 unoaliquo
833 674 1227 748 oppidohaberi
1263 677 1313 725 in
1344 672 1602 726 honorem
1635 679 1896 745 Deorum,

319 752 404 804 vel
419 751 772 824 Augustorum
794 750 1034 805 solerent.
1055 748 1200 803 Idem
1231 749 1263 803 fi
1293 748 1442 800 sacris
1474 746 1730 820 praeeffet,
1750 754 1899 823 quod

319 826 429 878 fere
477 825 636 877 fiebat
666 869 680 892 ‚
737 824 883 876 fimul
922 825 1190 902 Ἀρχιερόῦς
1225 869 1238 892 ,
1289 824 1531 890 Pontzftx
1580 823 1895 883 vocabatur:

321 905 376 953 δε
401 916 459 953 ut
484 898 756 953 Prudentii
789 898 952 951 verbo
987 917 1101 952 utar
1127 943 1140 966 ,
1168 901 1221 951 in
1262 898 1462 972 hymno
1512 901 1559 952 S.
1603 902 1899 969 Laurentii,

314 976 687 1048 ‘Mysteriarcha
717 997 732 1025 .·
769 974 803 1025 fi
839 976 1068 1028 Praetura
1107 990 1198 1026 aut
1241 973 1555 1047 Magistratu
1595 975 1899 1047 fungeretur

317 1049 499 1122 aliquo
522 1094 536 1116 ,
562 1049 706 1101 simul
729 1046 814 1100 ille
835 1048 1005 1100 honos
1036 1047 1382 1122 copulabatur
1403 1092 1417 1113 ,
1443 1062 1500 1099 ut
1524 1049 1664 1121 apud
1698 1052 1894 1104 Grute-

318 1142 468 1190 rum,
499 1142 614 1198 pag.
641 1145 822 1196 522.1.
846 1134 1006 1185 ΤΗΣ.
1053 1132 1337 1184 ΑΣΙΑΣ.
1379 1133 1891 1186 ΣΤΡΑΤΗΓΩι.

321 1211 365 1255 Α
387 1208 430 1261 Σ
449 1212 471 1256 I
490 1214 531 1256 A
549 1213 582 1255 P
602 1212 647 1256 X
663 1213 711 1257 H
731 1225 759 1254 ι.
792 1203 919 1255 Nec
939 1199 1149 1252 diffiteri
1176 1215 1349 1251 tamen
1383 1199 1537 1251 velim
1568 1201 1711 1273 apud
1738 1203 1896 1274 scrip-

319 1288 459 1326 tores
488 1276 718 1327 vetustos
738 1319 751 1341 ‚
784 1293 890 1326 non
925 1293 1020 1348 pro
1053 1277 1395 1325 certaminum
1427 1274 1685 1327 sacrorum
1726 1277 1895 1348 praefi,

317 1346 384 1401 de
409 1393 422 1415 ,
462 1347 547 1401 sed
576 1369 673 1423 pro
717 1350 1028 1423 Magistratu
1071 1350 1435 1420 PraefeeOEoque
1479 1350 1766 1403 Provinciae
1803 1352 1895 1405 has

317 1441 473 1475 voces
494 1423 757 1476 interdum
786 1427 985 1498 accipi,
1005 1424 1289 1501 Ἀσιοίρχςς,
1325 1424 1579 1500 Λυκιιοίρχις
1604 1429 1706 1480 δίε.
1734 1427 1898 1498 Apud

315 1497 603 1550 Gruterum
633 1514 807 1550 autem
830 1542 843 1565 ,
892 1515 1008 1571 pag.
1043 1505 1118 1567 48
1137 1522 1186 1566 c).
1225 1509 1922 1563 EAAAAAPXHEANTAV

313 1587 431 1621 eum
466 1568 566 1623 esse
599 1573 826 1624 arbitror
848 1616 860 1638 ‚
888 1577 981 1642 qui
1010 1573 1145 1630 wife}
1174 1575 1403 1632 E‘Mot‘cios
1432 1576 1576 1634 mavors
1597 1582 1893 1630 certamini-

316 1643 410 1695 bus
451 1646 702 1718 praeesset.
771 1648 838 1699 Et
877 1648 928 1696 in
967 1665 1186 1698 nummo
1227 1665 1290 1699 eo
1319 1692 1335 1714 2
1364 1651 1415 1699 in
1455 1668 1563 1721 quo
1606 1652 1892 1720 versamur,

311 1721 596 1798 Ἀπί-Ὗς,
619 1723 937 1774 munerarius
967 1722 1040 1775 est
1064 1727 1114 1776 &
1147 1722 1386 1776 sacerdos
1417 1729 1709 1778 communis
1741 1728 1889 1781 Afiae:

314 1797 462 1866 quod
487 1795 835 1849 sacerdotium
860 1798 909 1846 in
933 1794 1217 1872 librisJuris
1248 1797 1514 1854 Asiarchia
1547 1799 1752 1855 dicitur.
1788 1803 1894 1855 Eli-

311 1867 572 1942 gebantur
594 1886 769 1923 autem
794 1870 1062 1924 Asiarchae
1084 1875 1190 1924 hoc
1213 1871 1393 1928 modo,
1424 1876 1648 1947 Singulae
1667 1877 1797 1930 Asiae
1817 1881 1890 1929 ci-

309 1947 499 1997 vitates
517 1989 531 2012 ‚
558 1945 647 1998 sub
671 1950 793 1997 anni
818 1945 1063 2017 cujusque
1087 1949 1285 1999 initium
1308 1990 1322 2013 ,
1356 1947 1461 2000 hoc
1493 1951 1564 2002 est
1583 1994 1596 2018 ,
1619 1948 1708 2001 sub
1733 1955 1893 2023 aequi-

311 2023 544 2074 noctium
594 2035 904 2072 autumnum
937 2064 952 2088 ,
999 2023 1316 2073 concionem
1361 2020 1662 2091 habebant,
1694 2027 1747 2077 in
1787 2045 1893 2099 qua

310 2113 472 2147 unum
504 2113 567 2148 ex
594 2096 692 2148 suis
716 2094 911 2148 civibus
946 2095 1245 2151 Asiarcham
1277 2097 1651 2151 nominabant:
1687 2100 1891 2175 legatos

310 2169 501 2225 deinde
529 2170 813 2223 mittebant
844 2171 909 2222 ad
938 2189 1219 2224 commune
1243 2175 1410 2245 gentis
1450 2173 1763 2243 concilium,
1799 2180 1890 2248 qui

310 2262 505 2298 nomen
532 2247 636 2316 ejus
666 2248 752 2318 qui
779 2244 924 2297 domi
954 2246 1142 2299 elec-”tus
1171 2245 1342 2299 fuerat
1365 2292 1378 2312 ‚
1419 2251 1796 2305 renunciarent.
1825 2255 1887 2305 In

307 2334 373 2369 eo
407 2320 598 2373 deinde
625 2320 855 2373 concilio
889 2339 918 2372 a
945 2321 1260 2374 Proconsule
1292 2323 1537 2374 Afiarcha
1569 2343 1699 2375 unus
1731 2325 1890 2399 elige-

308 2392 461 2446 batur
493 2440 506 2462 ,
545 2397 826 2468 vicariique
855 2393 1299 2449 substituebantur
1330 2396 1459 2474 alii„
1497 2414 1554 2449 ut
1585 2398 1619 2450 si
1663 2397 1776 2451 fato
1802 2403 1888 2455 iile

305 2484 424 2522 ante
450 2469 796 2536 concederet,
825 2488 983 2542 quam
1014 2470 1288 2524 sacerdotii
1317 2490 1502 2525 munus
1524 2473 1786 2548 expleret,
1813 2478 1886 2530 es}

323 2539 382 2594 ‘et
409 2547 496 2616 qui
521 2545 653 2598 illius
683 2547 798 2598 vice
829 2545 1150 2619 fungeretur.
1198 2548 1347 2601 Hinc
1387 2549 1639 2604 Aristides
1658 2593 1670 2616 ‚
1701 2570 1785 2605 iv,
1813 2548 1888 2605 ia,

308 2633 511 2670 crarum
541 2624 867 2685 orationum,
899 2623 1110 2673 tertium
1143 2622 1191 2673 se
1219 2637 1529 2692 quartumve
1558 2629 1636 2677 a'i't
1670 2643 1696 2676 a
1728 2628 1889 2701 Syne-

306 2691 429 2755 d‘ris,
448 2693 551 2744 hoc
569 2694 642 2745 est
659 2738 672 2757 ,
698 2711 727 2744 a
748 2697 1015 2745 communi
1038 2695 1167 2749 Afiae
1187 2741 1199 2763 ,
1214 2696 1538 2769 designatum
1564 2699 1882 2757 Afiarcham,

305 2766 534 2818 Unicum
559 2766 704 2820 fuiffe
729 2770 1026 2840 primarium
1054 2769 1348 2821 Asiarcham
1370 2814 1383 2836 ,
1404 2786 1512 2823 tum
1532 2791 1594 2826 ex
1615 2776 1725 2825 hoc·
1741 2794 1886 2826 num..

307 2858 395 2891 mo
417 2841 612 2914 liquet,
641 2858 750 2893 tum
781 2859 844 2893 ex
872 2844 1091 2916 epistola
1134 2861 1236 2915 qua
1261 2843 1538 2920 polycarpi
1581 2852 1745 2900 exitus
1775 2850 1884 2902 des.

306 2913 554 2983 cribitur,
585 2914 650 2969 ab
684 2916 885 2971 Ufferio
917 2919 1058 2969 edita
1089 2944 1098 2971 :
1129 2922 1167 2969 is
1205 2922 1344 2970 enim
1377 2925 1677 2994 martyrium
1711 2923 1890 2978 feciffe

305 2990 498 3043 dicitur
524 2990 611 3043 fiib
639 2994 885 3065 Philippo
917 2993 1161 3046 Asiarcha
1179 3038 1193 3059 ‚
1211 2993 1530 3049 Proconsuie
1553 3013 1723 3049 autem
1758 2999 1890 3053 Afiae

308 3068 476 3121 Statio
559 3069 789 3125 maduit-20.
819 3069 886 3122 Et
919 3086 1036 3124 cum
1069 3068 1244 3144 piures
1268 3072 1315 3124 in
1349 3071 1729 3148 Apostolorum
1751 3075 1890 3130 Actis
