2228 3428
285 297 333 343 H

697 211 1408 274 ILLUSTRATI.
1866 244 1948 296 193

347 293 601 346 PA.‹1›1.

284 370 684 418 HPAKAHT
704 371 836 419 ΩΝ.
881 370 1091 419 XAAK.
1119 365 1187 416 Et
1211 367 1263 415 in
1290 379 1441 438 parte
1463 369 1636 422 aversa
1660 415 1673 436 ,
1700 384 1762 429 Α.
1784 383 1847 430 x.
1875 390 1931 437 Φ,

282 449 333 496 H

349 451 384 496 Ρ
399 450 440 493 A
456 448 498 494 K
516 446 562 494 A
581 448 631 493 H
648 447 689 491 T
705 447 757 494 Ω
774 449 835 493 N.
866 437 932 487 Et
947 453 1011 487 ex
1034 434 1302 509 superficie
1323 438 1511 509 altera,
1532 454 1691 504 ΑΘΗ,
1714 459 1924 509 ΧΑΛΚ,

359 530 476 564 cum
509 510 683 584 effigie
711 507 933 563 Palladis
960 551 976 575 ,
1020 526 1180 580 quam
1219 528 1370 584 aeque
1403 521 1608 569 nummi
1644 518 1931 594 superiores

359 583 612 640 exhibent
635 627 650 651 ‚
680 601 798 636 cum
827 581 1067 636 Hercule
1093 583 1302 639 leonem
1339 583 1635 644 suffocante
1667 611 1730 646 ex
1759 601 1934 670 priore

358 661 559 714 nummi
579 673 754 734 parte,
774 655 1036 709 interdum
1067 661 1121 710 &
1151 662 1358 715 noctua.
1401 662 1547 716 Huic
1576 670 1751 737 potius
1782 690 1932 724 num-

358 753 475 787 mos
495 733 638 799 istm,
659 748 815 804 quam
835 730 983 783 alteri
1003 732 1278 789 Heracleae
1292 734 1651 809 adjudicamus
1669 785 1683 808 ,
1709 745 1859 814 quod
1878 753 1932 802 ὃ(

355 809 525 863 leonis
552 804 869 859 domitorem
887 806 1178 860 Herculem
1198 811 1249 860 in
1273 813 1493 862 nummis
1514 831 1727 887 quoque
1753 818 1936 873 Chao..

359 900 517 950 num,
546 882 635 954 qui
679 883 985 935 Acarnaniae
1023 883 1176 934 vicini
1220 882 1367 938 fuere
1394 928 1408 951 ,
1446 884 1701 961 lignatum
1732 893 1936 949 inveni-

360 975 500 1011 mus:
536 962 590 1010 &
624 955 891 1010 Palladem
922 1000 937 1023 ,
980 954 1310 1031 Palladisque
1348 958 1547 1034 infigne
1576 967 1848 1023 noCtuam:
1881 976 1936 1025 &

356 1030 593 1087 Praefeffi
623 1034 893 1098 Monetae,
923 1032 1232 1085 Praetorisve
1253 1052 1476 1101 nomen,
1504 1039 1652 1110 quod
1684 1058 1856 1115 neque
1881 1047 1937 1098 in

358 1106 510 1160 ullius
546 1106 824 1161 Heracleae
845 1107 1054 1158 alterius
1090 1104 1360 1164 offendas:
1391 1113 1442 1162 in
1466 1114 1934 1186 Dyrrachenorum

360 1183 610 1250 nummiS,
636 1182 1078 1256 Epirotarumque
1098 1227 1111 1251 ‚
1140 1184 1332 1258 paffim.
1355 1190 1535 1265 Qare
1559 1189 1624 1241 ad
1650 1191 1874 1246 Siciliam
1905 1213 1934 1248 a

367 1254 592 1312 Goltzio
611 1302 624 1325 ‚
653 1263 706 1311 ὅ(
726 1258 941 1324 Paruta,
960 1256 1009 1308 hi
1028 1260 1392 1313 numminullo
1421 1265 1630 1334 penitus
1657 1283 1933 1339 argumend

365 1346 422 1384 to
443 1329 764 1386 referuntur:
794 1349 913 1383 cum
943 1336 1177 1385 revocari
1196 1337 1262 1387 ad
1280 1335 1412 1388 hanc
1433 1337 1736 1392 Acarnaniae
1759 1344 1932 1397 Hera2

366 1406 531 1460 cleam
562 1409 855 1482 oportuerit
879 1449 894 1475 ,
923 1405 990 1458 de
1023 1425 1126 1478 qua
1153 1409 1375 1478 Plinius,
1400 1404 1534 1462 libro
1570 1433 1586 1465 1
1607 1433 1653 1467 v.
1688 1414 1805 1471 sect.
1846 1441 1862 1472 1
1890 1441 1935 1475 1.

362 1486 675 1536 Acarnaniae
692 1482 917 1550 oppidum
948 1479 1231 1539 Heraclea.
1259 1487 1508 1538 Meminit
1537 1491 1588 1540 &
1622 1491 1932 1563 Stephanus,

359 1555 602 1610 laudatus
633 1575 662 1609 a
684 1554 837 1609 nobis
864 1560 915 1608 in
943 1558 1183 1610 Plinianis
1211 1562 1368 1614 notis.
1428 1559 1554 1614 Istas
1580 1579 1740 1636 porro
1783 1584 1938 1620 notas

361 1633 503 1685 tertii
532 1631 850 1685 numismatis
877 1675 892 1698 ‚
929 1645 989 1688 A.
1029 1643 1092 1688 X.
1127 1648 1180 1694 Φ.
1225 1649 1517 1688 ceterorum
1557 1638 1834 1693 admonitu
1871 1643 1940 1695 fic

359 1706 792 1782 interpretamur:
813 1709 1003 1764 Ἀθῐωοῖ
1027 1709 1329 1769 Χαλκίοικος.
1350 1709 1582 1774 amcam.
1602 1713 1786 1787 Atque
1800 1716 1936 1772 istud

363 1782 577 1854 quidem
596 1780 834 1838 Praefecti
849 1785 1089 1838 Monetae
1105 1785 1177 1839 est
1195 1829 1209 1853 ,
1230 1788 1534 1841 Praetorisve
1547 1805 1763 1857 nomen,
1785 1792 1936 1864 quod

362 1861 419 1911 ὃς
440 1860 492 1909 in
507 1857 978 1933 Dyrrachenorum
1008 1863 1233 1914 nummis
1260 1865 1503 1917 occurrit.
1560 1862 1700 1916 Illud
1731 1866 1938 1921 Miner..

361 1948 440 1986 vae
468 1932 766 1987 Chalcioeci
791 1934 1072 2006 appellatae
1098 1953 1127 1987 a
1154 1939 1417 2009 Spartanis
1434 1982 1450 2006 ‚
1476 1940 1683 1998 ἈΘΖιυοῖς
1708 1951 1945 2002 Χαλκιοι-

362 2006 473 2074 xod',
502 2022 563 2061 ut
599 2009 677 2059 ait
712 2005 982 2061 Pausanias
1015 2010 1068 2059 in
1107 2010 1306 2066 Lacon.
1377 2012 1517 2067 Plut.
1557 2016 1608 2066 in
1650 2016 1938 2091 Apophth.

362 2081 576 2154 aliique.
635 2082 695 2137 P.
716 2081 901 2136 vietor
926 2122 942 2148 ‚
969 2083 1021 2134 in
1050 2083 1400 2156 descriptione
1423 2088 1575 2157 Urbis
1604 2092 1822 2158 Romae,
1857 2108 1938 2146 re-

366 2157 527 2227 gione
542 2174 680 2207 nona
701 2200 716 2223 ,
738 2161 991 2210 Minerva
1016 2154 1309 2212 Chalcidica
1325 2201 1340 2223 ,
1371 2158 1508 2214 forte
1527 2179 1624 2234 pro
1647 2160 1941 2223 Chalcioeca.

290 2241 396 2288 Hp
411 2243 454 2286 A
467 2242 511 2288 Κ
524 2241 569 2288 Λ
584 2244 635 2288 H
651 2243 692 2286 T
710 2244 760 2289 Ω
782 2245 843 2289 N.
871 2232 1085 2302 Trajani.
1108 2250 1352 2286 nummus
1369 2236 1509 2307 apud
1527 2239 1768 2291 Patinum
1785 2284 1799 2308 ,
1817 2259 1938 2318 pag.

202 2377 338 2434 HE

288 2465 340 2512 H

365 2323 469 2375 159·
499 2323 608 2375 quo
638 2307 690 2356 in
716 2323 934 2355 num-mo
965 2304 1109 2358 clava
1134 2307 1397 2360 Hercules
1420 2307 1640 2382 hydram
1661 2328 1864 2371 enecat.

360 2380 413 2433 R
436 2380 482 2432 A
507 2382 554 2435 C
573 2379 617 2432 L
635 2379 674 2432 E
693 2381 738 2432 A
767 2375 1004 2434 AEolz'dc's.

355 2466 390 2511 P
408 2466 451 2511 A
469 2464 512 2513 K
529 2464 666 2513 AEI
688 2467 738 2513 Ω
758 2469 820 2513 Ν.
857 2465 1086 2514 ΚΥΜΑ
1104 2469 1127 2514 1
1147 2468 1276 2516 ΩΝ.
1323 2460 1593 2513 Nummus
1621 2481 1778 2535 quem
1810 2465 1940 2519 vidi-

362 2547 507 2598 muS,
542 2547 662 2581 cum
693 2533 815 2602 equi
844 2529 1028 2605 effigie.
1081 2534 1160 2586 Eo
1189 2552 1407 2585 nummo
1448 2535 1787 2592 Cumaeorum
1817 2558 1938 2594 cum

360 2606 540 2657 vicinis
571 2603 981 2658 Heraclenfibus
1013 2607 1299 2659 concordia
1323 2610 1797 2666 indicatur.Graeci
1829 2616 1942 2685 ὄμό-

361 2703 472 2736 νοω
501 2693 712 2733 vocant.
740 2679 1033 2752 Stephanus
1061 2683 1196 2733 inter
1220 2683 1373 2735 urbes
1404 2701 1518 2755 quae
1549 2686 1824 2741 Heracleae
1843 2709 1942 2742 no..

364 2755 507 2805 mine
534 2751 785 2826 insignitae
808 2752 923 2804 sunt
942 2797 955 2819 ,
985 2754 1122 2805 hanc
1158 2755 1402 2809 vicesimo
1434 2757 1559 2811 loco
1587 2762 1844 2834 appellat:
1874 2764 1938 2833 κ’,

353 2827 504 2886 ’πόλις
525 2828 658 2898 veja
677 2827 740 2887 τὶἲ
764 2827 961 2897 Κυμαίᾳ
988 2829 1024 2886 θ
1050 2831 1290 2887 Ἀιολίέος.
1328 2831 1493 2901 Cujus
1517 2835 1716 2906 gentile
1743 2853 1938 2890 nomen

361 2905 628 2977 H‘&²<MO⁵
663 2891 729 2957 δί’
747 2905 1100 2974 Ηᾎρικλεῶτκς.
1136 2902 1341 2971 Plinio,
1370 2903 1460 2961 lib.
1487 2925 1536 2959 v.
1565 2906 1681 2963 sea.
1720 2926 1880 2966 xxxi
1899 2932 1936 2970 1.

365 2977 696 3035 Heracleotes
718 2980 922 3033 trafius,

283 3068 333 3116 H
350 3067 388 3114 Ρ
406 3068 450 3113 Α
466 3064 509 3113 Κ
522 3066 569 3115 A
582 3066 656 3114 EI
672 3065 726 3113 Ω
743 3066 803 3112 N.
827 3052 1186 3131 ‘Trophaeum0
1219 3055 1267 3110 ,Ε
1301 3053 1527 3112 Cimelio
1553 3055 1749 3124 Regio.

1629 3127 1729 3183 Bb
