2228 3428
698 189 1341 248 MONETARIA
1828 215 1917 267 5„

190 263 537 318 sestertiorum
569 265 657 336 qui
683 269 820 338 prius
837 283 1019 335 erant,
1048 268 1149 320 hoc
1179 269 1281 335 est,
1304 265 1398 339 qui
1423 264 1628 318 duobus
1655 267 1836 321 astibus
1859 275 1914 323 δε

187 338 385 393 semisse
402 339 802 396 aestimabantur.
827 343 1190 396 Continentur
1221 344 1357 394 enim
1373 342 1422 396 hi
1454 363 1499 396 M
1519 362 1551 397 c
1572 362 1602 396 c
1622 364 1654 399 c
1672 363 1704 398 c
1724 365 1762 399 x
1781 364 1828 398 L.
1858 345 1909 395 in

188 419 466 488 nongentis
490 416 616 481 illis,
642 417 714 468 ita
742 432 800 468 ut
828 434 893 468 ne
910 435 1039 467 unus
1071 418 1279 486 quidem
1299 432 1387 468 aut
1405 416 1561 484 desit,
1582 434 1669 468 aut
1696 419 1908 491 superet.

189 493 370 565 Qare
402 493 546 560 quod
574 507 711 541 nunc
732 491 922 542 vicenis
947 489 1184 541 sestertiis
1209 489 1504 562 vulgaribus
1529 534 1543 556 ,
1578 492 1749 544 allium
1781 492 1909 543 scili-

187 579 273 614 cet
308 565 526 616 duorum
551 582 668 616 cum
695 561 889 616 semisse
906 607 920 629 ,
946 581 1168 634 quorum
1196 561 1543 616 sestertiorum
1570 564 1749 618 haberi
1775 570 1906 620 ratio

183 632 381 694 soletin
408 642 593 711 quovis
617 637 1083 710 pretioindicando
1101 681 1112 702 ,
1135 651 1194 688 ut
1220 638 1468 690 diximus:
1491 639 1655 708 quod,
1674 643 1904 712 inquam,

182 716 377 766 vicenis
419 714 514 765 illis
555 712 788 764 sestertiis
832 727 1184 784 permutatum
1214 710 1406 763 dicitur
1449 716 1557 763 auri
1597 712 1870 786 scripulum
1888 760 1904 782 ‚

178 789 455 857 quindenis
477 802 632 838 antea
659 786 862 840 necesse
879 787 951 839 est
966 785 1112 839 fuiffe
1133 801 1367 838 taxatum
1387 811 1396 838 :
1414 801 1471 837 ut
1494 789 1543 838 in
1569 786 1762 860 singula
1786 789 1904 840 Γαίᾳ

223 860 303 913 ula
324 865 517 914 lucrata
535 859 826 934 respublica
849 860 907 912 sit
931 863 1166 932 quinque
1190 859 1474 914 sestertios:
1502 863 1551 912 in
1573 858 1724 913 libras
1747 908 1757 928 ,
1790 882 1902 934 quae

176 876 391 1009 Peripula
426 959 451 989 2
470 943 495 991 8
513 943 561 991 8.
595 938 873 989 continent
889 980 903 1002 ,
933 934 1187 988 sestertios
1212 956 1256 991 M
1277 956 1309 991 c
1327 957 1359 993 c
1377 955 1409 991 c
1428 955 1461 993 c
1481 956 1517 990 x
1537 957 1584 991 L.
1628 938 1686 989 In
1709 937 1866 989 libras
1886 983 1901 1006 ‚

176 1009 421 1081 inquam,
455 1015 563 1063 auri
584 1008 760 1064 infecti
779 1056 792 1078 ,
820 1009 962 1083 quod
997 1012 1048 1060 in
1076 1014 1256 1063 aerario
1291 1009 1584 1063 servabatur
1602 1055 1616 1076 ,
1646 1014 1901 1083 quodque

174 1085 438 1138 interdum
463 1084 781 1139 distrahebat
805 1087 870 1137 ad
892 1084 1005 1137 vasa
1027 1129 1040 1152 ‚
1061 1099 1328 1159 operaque
1347 1086 1555 1160 publica
1587 1103 1648 1136 ac
1682 1089 1897 1157 privata.

173 1159 332 1212 Nulli
360 1163 484 1212 dum
512 1164 647 1214 enim
682 1177 789 1213 tum
820 1162 1016 1212 nummi
1044 1164 1209 1228 aurei,
1245 1161 1337 1214 nisi
1377 1160 1594 1213 fortaffis
1637 1165 1899 1234 peregrini

174 1236 228 1284 δε
251 1239 468 1289 externi.
495 1239 678 1311 Qare
702 1239 844 1310 apud
873 1237 1076 1290 Livium
1095 1280 1109 1302 ,
1141 1253 1281 1289 anno
1310 1257 1346 1293 D
1364 1256 1395 1288 x
1414 1255 1445 1291 1.
1466 1257 1481 1290 1
1503 1258 1518 1288 1
1540 1259 1571 1290 1.
1589 1232 1897 1305 jusserePa-

172 1320 274 1358 tres
303 1309 496 1362 deferri
528 1315 593 1364 ad
618 1314 941 1364 Triumviros
962 1309 1238 1362 mensarios
1267 1329 1445 1364 aurum
1463 1355 1477 1378 ‚
1506 1326 1781 1384 argentum
1799 1356 1812 1378 ,
1841 1318 1897 1366 δε

167 1398 233 1433 aes
263 1401 421 1437 omne
440 1430 454 1453 ,
478 1385 563 1438 sed
595 1386 832 1438 caelatum
873 1385 1068 1438 scilicet
1087 1430 1101 1452 ,
1136 1385 1458 1459 signatumve
1489 1387 1630 1460 apud
1656 1401 1892 1439 exteros:

170 1474 365 1532 nempe
391 1475 448 1512 ut
478 1460 602 1514 illud
623 1464 672 1514 in
701 1460 822 1513 belli
852 1461 1081 1535 sumptus
1106 1461 1487 1534 impenderent.

243 1534 418 1586 Totus
446 1535 529 1586 hic
565 1535 709 1587 locus
730 1580 744 1602 ,
774 1534 807 1587 fi
841 1538 1117 1608 quisquam
1144 1537 1269 1588 alius
1298 1538 1349 1586 in
1377 1532 1614 1588 universo
1652 1536 1890 1589 Pliniano

168 1625 360 1680 opere,
383 1608 532 1661 torsit
558 1610 774 1661 mirifice
797 1609 1115 1661 summorum
1150 1612 1376 1661 virorum
1416 1612 1626 1682 ingenia
1654 1654 1668 1676 ,
1706 1627 1892 1665 eorum

163 1680 444 1754 praesertim
471 1727 485 1750 ,
522 1686 613 1756 qui
639 1683 703 1736 de
728 1681 830 1736 asse
856 1700 918 1734 ac
943 1683 1007 1735 de
1037 1701 1092 1735 re
1116 1686 1399 1735 nummaria
1421 1683 1689 1735 volumina
1717 1686 1813 1736 isto
1838 1693 1892 1741 ὃς

162 1762 422 1810 anteriore
442 1756 628 1811 {ieculo
644 1757 937 1813 ediderunt.
955 1761 1016 1811 In
1030 1775 1095 1810 eo
1115 1755 1214 1810 sese
1232 1775 1508 1810 exercuere
1526 1776 1726 1825 omneS,
1743 1763 1890 1813 irrito

159 1832 227 1883 ad
247 1834 389 1885 hunc
411 1834 548 1885 diem
577 1848 790 1888 conatu.
847 1832 1016 1888 Nulla
1044 1833 1117 1885 est
1138 1835 1527 1906 propemodum
1566 1834 1617 1882 in
1655 1848 1768 1886 tota
1790 1835 1891 1888 hac

158 1905 416 1959 sententia
437 1904 630 1981 syllaba
647 1952 662 1975 ,
687 1925 842 1980 quam
869 1906 997 1959 labis
1017 1921 1283 1981 expertem
1310 1909 1545 1981 putarint
1561 1949 1574 1971 ,
1603 1925 1759 1978 quam
1780 1929 1889 1964 non

160 1983 298 2034 varie
332 1986 663 2056 corruperint
692 2025 707 2049 ‚
746 1997 804 2033 ut
835 1983 1174 2055 corrigerent.
1236 1983 1359 2036 Nos
1386 1997 1443 2032 ea
1471 1982 1661 2034 intacta
1696 1983 1883 2056 plane,

160 2064 180 2125 s
199 2070 542 2129 praeterquam
578 2055 726 2130 quod
755 2074 816 2109 ex
843 2059 1018 2130 Regio
1045 2057 1263 2123 codice,
1290 2074 1444 2128 quem
1476 2055 1888 2128 appellavimus,

154 2131 432 2205 alteroque
462 2130 705 2186 Marcelli
734 2133 980 2199 Cervini,
1007 2134 1094 2204 qui
1119 2134 1306 2186 Romae
1331 2130 1560 2182 servatur
1580 2175 1594 2198 ,
1623 2132 1755 2202 quod
1773 2137 1883 2205 effe..

153 2212 224 2258 cit
250 2204 534 2281 scripsimus
550 2250 565 2274 ,
590 2225 707 2259 cum
734 2209 873 2280 prius
897 2208 1030 2278 quod
1056 2207 1210 2271 effi'cit·
1227 2206 1514 2280 legeretur,
1539 2209 1685 2277 quod
1706 2223 1883 2262 tamen

151 2279 320 2333 ferme
351 2284 567 2355 perinde
593 2281 694 2348 est,
728 2298 788 2333 ac
817 2298 908 2354 per
933 2281 980 2333 se
1008 2281 1186 2349 leve,)
1224 2281 1310 2333 sed
1334 2283 1515 2332 ceteris
1538 2283 1778 2355 integriS,
1807 2283 1880 2336 le„

152 2358 389 2429 gitimam
409 2401 422 2423 ,
444 2359 518 2410 uti
549 2374 722 2409 remur
740 2401 754 2424 ,
783 2373 956 2428 neque
988 2358 1209 2408 omnino
1236 2354 1611 2409 inventlibilem
1643 2357 1750 2428 ejus
1774 2358 1884 2411 loci

149 2433 640 2505 interpretationem
660 2432 860 2488 damus,
883 2433 967 2485 Ac
993 2433 1215 2507 primum
1242 2430 1457 2504 quidem
1476 2447 1574 2482 nec
1594 2430 1878 2501 GlareanO,

151 2503 241 2560 lib.
267 2509 333 2558 de
349 2504 480 2574 affe,
511 2523 623 2580 cap.
649 2525 681 2559 x
700 2527 729 2560 v
749 2529 767 2560 1
790 2527 826 2560 1.
856 2523 953 2558 nec
981 2508 1300 2559 Hotomano
1322 2549 1336 2573 ,
1365 2523 1484 2579 pag.
1506 2526 1599 2576 332s
1634 2505 1737 2579 legi
1765 2507 1880 2580 pla-

153 2595 238 2632 cet
254 2623 268 2647 ,
297 2583 415 2649 Post
435 2598 618 2633 annum
638 2602 669 2636 L
684 2600 799 2635 x11.
819 2599 881 2633 ac
897 2584 1016 2650 Post
1037 2600 1069 2633 x
1087 2603 1102 2635 1
1124 2603 1159 2637 1.
1177 2581 1348 2633 multo
1375 2581 1608 2633 mallent.
1640 2583 1879 2652 BudaeUS,

150 2652 244 2707 lib.
285 2675 300 2707 1
330 2675 344 2707 1
374 2676 417 2708 1.
448 2652 540 2707 fol.
561 2676 632 2725 71.
655 2674 762 2706 non
782 2654 1007 2727 fistertiar
1029 2655 1386 2727 vicenislegit,
1416 2655 1502 2706 sed
1524 2653 1717 2723 bffnis.
1743 2659 1875 2709 Pan-

152 2728 341 2783 cirolus
361 2772 376 2795 ,
402 2734 586 2781 vicenis
612 2735 787 2799 quinis.
811 2732 948 2781 Mox
971 2728 1335 2803 Villalpandus
1353 2772 1366 2795 ,
1395 2730 1526 2800 quod
1553 2732 1708 2794 effi'cc't
1731 2736 1782 2781 in
1799 2733 1876 2806 ft·

148 2820 231 2855 nos
249 2844 264 2865 ,
289 2821 397 2854 non
422 2809 473 2854 in
498 2801 670 2858 libra.
704 2803 828 2858 Post
859 2802 1109 2876 Agricola
1129 2846 1144 2870 ,
1168 2803 1255 2855 lib.
1293 2825 1308 2856 1
1329 2823 1375 2856 v.
1402 2822 1519 2878 pag.
1556 2811 1638 2875 98,
1671 2810 1724 2860 ὃς
1755 2813 1872 2875 276,

147 2896 256 2929 non
278 2880 512 2951 fistertz'os
557 2899 594 2933 D
615 2897 642 2930 c
660 2897 687 2929 c
704 2897 732 2930 c
749 2897 793 2930 c.
832 2877 919 2929 sed
959 2877 1214 2930 sestertios
1255 2885 1296 2937 Y(
1313 2898 1349 2933 D
1366 2900 1397 2935 c
1414 2900 1446 2934 c
1463 2899 1493 2935 L
1514 2898 1562 2933 x,
1616 2880 1722 2932 hoc
1767 2882 1842 2933 est
1858 2926 1873 2948 ,

149 2958 299 3024 5760.
322 2952 423 3027 legi
446 2953 615 3025 jubet.
643 2954 740 3007 Sed
771 2968 988 3026 pareant
1019 2956 1051 3004 ii
1081 2951 1610 3025 quibusillejufferit,
1639 2969 1696 3006 ut
1725 2953 1874 3020 S‘nel-

147 3025 244 3081 lius
271 3031 443 3104 paruit
465 3073 479 3098 ,
500 3028 589 3083 lib.
617 3028 682 3081 de
705 3045 760 3081 re
787 3046 928 3082 num.
958 3044 1074 3103 pag.
1097 3047 1175 3097 30.
1203 3027 1506 3084 Leonardus
1528 3030 1760 3096 PortiuS,
1782 3029 1871 3089 lib.

1377 3103 1427 3157 A
1444 3105 1492 3156 A
1511 3120 1538 3154 a
1553 3121 1581 3155 a
1623 3102 1673 3175 iij
