2228 3428
727 187 1429 251 ILLUSTRATL
1887 215 1986 278 m7

415 261 470 318 δε
500 261 715 317 foculo:
752 283 907 337 quem
944 267 1254 319 immolandi
1275 287 1474 322 morem
1504 269 1653 326 fuisse
1683 274 1877 331 Plinius
1896 284 1984 335 ad,

414 352 601 390 monet
622 382 636 404 ,
660 337 793 391 libro
820 344 1055 412 proxime
1073 342 1341 413 appellato
1362 386 1375 408 ,
1396 343 1508 398 sest.
1534 366 1565 398 v
1581 369 1618 402 1.
1646 359 1859 404 Invenio
1877 375 1990 409 enn-

415 412 525 464 dem
550 413 860 483 adstantibus
878 421 1061 468 Mario
1085 418 1145 476 ὦ*
1169 418 1353 468 Catum
1383 418 1873 489 Coffpraetextatum
1895 439 1987 484 im·

380 486 382 488 ’
414 486 607 558 molaffi⁹
634 489 709 540 ad
731 488 978 540 tibicinem
995 487 1163 552 foculo
1171 490 1339 562 posito.
1367 489 1677 560 Plinio,l1'b.
1721 521 1736 554 1
1766 524 1781 556 1
1808 527 1823 558 1
1843 504 1981 566 ,[εᾶ.

415 583 487 619 ιν.
516 581 660 618 num.
696 585 713 617 1
740 583 757 616 1
775 605 785 616 .
803 569 1163 617 Graccuritani.
1189 566 1237 617 A
1260 568 1347 619 Ti.
1378 566 1594 620 Gracco
1611 589 1805 630 nomen
1823 581 1987 636 Grac-

413 643 545 692 curis
579 639 802 710 accepit.
827 637 964 692 Vide
995 638 1132 692 Livii
1158 641 1424 712 epitomen
1450 684 1464 707 ,
1504 640 1592 698 lib.
1636 667 1674 702 x
1694 669 1724 704 L
1742 671 1777 705 1.
1819 657 1877 710 N
1884 677 1986 711 unc

410 712 625 787 Agreda
651 752 667 774 ,
701 715 753 764 in
784 713 1091 784 Arragoniae
1123 714 1359 766 confinio
1389 758 1404 783 ,
1436 731 1603 792 prope
1626 723 1986 790 Turiasonem‚

411 789 561 841 Hinc
589 788 849 861 Martyres
889 786 1256 840 Graccuritani
1283 833 1297 856 ‚
1328 791 1380 841 in
1411 790 1693 866 Martyrol.
1730 808 1991 880 Martyres

408 863 468 914 de
494 861 726 935 Agreda.
753 863 1010 934 Γρρωωυελς
1041 863 1329 917 Ptolemaeo
1347 909 1361 932 ‚
1392 867 1444 917 in
1479 869 1816 931 vasconibus.

260 948 468 1001 ΓΥΘΕ
485 949 582 994 AT
598 951 642 994 A
658 951 719 996 N.
746 938 1029 992 Caracallae
1056 955 1296 991 nummus
1315 984 1329 1007 ,
1352 957 1507 1012 quem
1540 944 1774 1004 vidimus,
1799 952 1987 1027 Plinio,

410 1014 502 1068 fib,
543 1036 562 1070 1
581 1033 631 1068 v,
663 1012 780 1068 secst.
814 1031 845 1066 v
864 1035 881 1067 1
904 1033 921 1066 1
942 1034 976 1067 1.
1010 1017 1158 1067 Sinus
1185 1014 1484 1089 Gytheates,
1507 1016 1575 1069 ab
1603 1025 1788 1090 oppido,
1818 1028 1988 1089 Etlib.

412 1109 445 1143 v
463 1110 497 1144 1,
523 1089 637 1141 sest.
668 1106 746 1140 xx
765 1106 797 1140 x
816 1107 898 1143 lx,
930 1084 1188 1163 Gythium,
1212 1094 1263 1142 in
1292 1108 1420 1164 agro
1449 1093 1736 1152 Laconico
1769 1102 1991 1177 Stepha-

410 1183 509 1219 no:
541 1165 714 1232 Pv'thov
743 1209 758 1231 ,
778 1164 917 1224 ’πόλις
945 1165 1216 1228 Λακωνωαί.
1241 1207 1250 1218 .
1271 1208 1280 1219 .
1304 1208 1312 1219 .
1339 1167 1364 1220 o‘
1389 1174 1583 1233 πολίτης
1603 1216 1616 1238 ,
1638 1176 1886 1240 Γυθεοίτης.
1910 1184 1991 1236 Hi

410 1240 714 1293 conditores
744 1236 858 1292 suos
896 1242 1190 1295 Herculem
1224 1245 1276 1294 &
1305 1242 1612 1315 Apollinem
1647 1249 1985 1320 jaetitabant:

409 1314 659 1369 Liberum
676 1363 692 1386 ,
719 1315 966 1368 Cererem
983 1361 996 1383 ,
1027 1314 1386 1389 AEsculapium
1407 1318 1673 1376 colebant.
1697 1326 1833 1381 Vide
1857 1332 1988 1385 Pau-

411 1388 601 1442 faniam
635 1393 687 1441 in
716 1390 993 1457 AchaiciS,
1025 1408 1141 1463 pag.
1172 1409 1287 1460 104.

337 1475 486 1523 ΓΥΘ
505 1477 542 1522 Ε
561 1478 601 1522 Α
620 1477 660 1519 T
677 1477 726 1522 Ω
747 1480 795 1522 N
813 1509 827 1531 ‚
843 1466 983 1538 apud
1005 1466 1283 1522 Goltzium
1305 1509 1318 1532 ,
1343 1467 1395 1531 in
1411 1468 1678 1523 Thesauro
1695 1519 1708 1541 ,
1737 1494 1857 1551 pag,
1880 1488 1984 1540 216,

410 1544 464 1591 in
498 1557 605 1611 quo
636 1540 834 1592 Bacchi
863 1553 1021 1612 caput
1050 1540 1340 1611 expreffiim
1374 1584 1389 1608 ,
1428 1559 1544 1595 cum
1574 1564 1769 1602 corona
1808 1558 1986 1610 edera-

413 1630 537 1667 cea:
573 1631 637 1666 ex
663 1628 812 1689 parte
842 1612 1006 1667 altera
1037 1658 1052 1682 ,
1086 1616 1322 1670 Vin-storia
1354 1632 1522 1690 prorae
1543 1625 1689 1676 navis
1725 1626 1987 1704 infistenS‚

412 1706 533 1742 cum
565 1706 780 1745 corona.
1257 1707 1261 1711 ”

452 1925 509 1970 Α,
548 1918 601 1967 &
638 1924 677 1969 Z
698 1926 735 1971 A
753 1928 849 1975 ΚΥ
866 1931 912 1976 Ν
930 1928 1011 1973 ΘΙ
1031 1929 1082 1975 Ω
1102 1929 1162 1973 N.
1206 1918 1267 1969 In
1294 1915 1500 1969 Goltzii
1532 1927 1774 1977 nummis,
1798 1927 1989 2000 Plinio,

449 1988 536 2040 lib.
561 2009 579 2041 1
598 2009 647 2045 v.
673 1990 786 2044 sest.
812 2012 842 2044 x
862 2014 880 2045 1
898 2012 944 2044 x.
979 1993 1260 2064 Zacynthus
1277 1990 1451 2044 libera.
1481 1995 1667 2049 Hodie
1685 2011 1879 2068 Zame,
1908 2008 1987 2056 in„

416 2061 518 2116 sula
547 2064 765 2116 Venetae
795 2066 1020 2119 ditionis,

333 2147 374 2194 Z
390 2152 435 2195 A
453 2147 550 2195 ΚΥ
567 2148 671 2195 ΝΘ
691 2150 715 2195 1
734 2150 784 2198 Ω
803 2154 863 2198 Ν.
906 2141 986 2193 M.
1017 2139 1213 2194 Aurelii
1240 2156 1486 2205 nummus
1503 2187 1518 2210 ,
1558 2159 1586 2195 e
1623 2146 1846 2202 Cimelio
1874 2157 1987 2210 Re-

405 2214 497 2286 gio
520 2258 535 2282 ,
562 2218 615 2267 &
646 2215 787 2286 apud
816 2217 1058 2269 Patinum
1075 2260 1089 2284 ‚
1109 2232 1228 2291 pag.
1265 2234 1373 2285 243.
1405 2233 1521 2269 cum
1537 2219 1685 2292 Jovis
1704 2223 1880 2278 stantis
1907 2228 1987 2283 ef-

406 2286 442 2339 fi
486 2291 546 2341 ie.

327 2369 369 2417 Z
390 2305 494 2420 A}
511 2374 614 2421 ΥΝ
630 2373 674 2418 Θ
691 2375 714 2420 Ι
736 2375 786 2422 Ω
803 2377 864 2421 N.
900 2362 1182 2421 Caracallae
1210 2381 1456 2418 nummus
1475 2410 1490 2433 ,
1526 2370 1667 2442 apud
1702 2374 1952 2447 Sponium
1970 2425 1986 2450 ,

403 2441 455 2491 in
479 2441 658 2493 Itiner.
710 2440 908 2493 Athen.
955 2456 1072 2491 cum
1109 2439 1306 2491 Bacchi
1338 2485 1354 2509 ‚
1383 2440 1553 2517 effigie
1584 2444 1768 2500 dextra
1801 2470 1982 2523 uvam,

405 2514 637 2588 thyrsum
656 2514 783 2568 laeva
810 2516 1055 2588 gerentis,
1084 2517 1203 2569 Vini
1232 2514 1460 2569 feracem
1491 2536 1672 2592 agrum
1692 2540 1809 2577 eum
1837 2528 1988 2584 fuiffe

406 2587 520 2641 haec
564 2604 867 2663 argumenta
904 2589 1181 2647 indicant„
1204 2593 1446 2647 Straboni
1486 2593 1574 2648 lib.
1606 2613 1654 2651 x.
1686 2616 1805 2675 pag,
1840 2625 1882 2676 4
1895 2613 1974 2678 53,

408 2664 639 2730 20&va
667 2668 903 2733 AE'woecfvme
921 2708 934 2731 ,
949 2663 1138 2731 fhrtz'lbs
1167 2667 1251 2719 est.

334 2743 853 2800 ΖΑΚΥΝΘΙΩΝ.
889 2751 941 2796 Β.
986 2751 1478 2803 ΝΕΩΚΟΡΩΝ.
1534 2759 1838 2809 ΙΩΝΩΝ.
1877 2767 1986 2808 Za..

411 2813 700 2890 cynthz'orum
725 2816 797 2868 ba
828 2824 1181 2877 Neocororum,
1215 2825 1407 2872 Ionum.
1460 2824 1728 2877 Nummus
1757 2828 1988 2882 Alexan-

411 2889 488 2942 dri
511 2893 718 2957 Severi,
746 2892 887 2964 apud
917 2891 1210 2943 Tristanum
1229 2935 1243 2956 ,
1265 2909 1383 2965 pag.
1410 2915 1519 2965 4¹3·
1549 2903 1601 2950 &
1628 2902 1769 2971 apud
1801 2904 1986 2956 Occo..

407 2983 556 3032 nem,
587 2982 705 3039 pag.
734 2986 843 3036 42¹·
882 2965 967 3021 Ab
993 2964 1211 3020 Ionibus
1237 2965 1459 3041 profecti
1491 2972 1814 3045 Zacynthii,
1849 2983 1900 3032 ὃ(
1931 2981 1987 3032 :in

407 3041 559 3096 Ionio
584 3042 712 3094 mari
742 3040 911 3116 positi.

1600 3122 1774 3196 Aaij
