2228 3428
670 182 1362 237 1LLUSTRATI.
1817 197 1916 260 283

354 270 434 308 ter
462 253 790 309 Laodicenus
806 301 821 325 ,
836 275 895 310 ac
911 259 1086 312 Diana.
1105 256 1327 331 Ephesia
1355 275 1474 310 cum
1493 263 1655 315 cervis
1673 307 1686 331 ,
1714 265 1768 317 in
1782 285 1928 319 num-

358 348 446 382 mo
476 330 558 381 M.
587 329 799 385 Aurelii.

260 412 554 466 ,ΑΛΟΔΙ
578 416 825 464 ΚΕΩΝ.
886 414 1171 462 οΜΥΡΝ
1195 415 1427 461 ΑΙΩΝ.
1488 417 1926 471 OMONOIA.

362 481 422 534 L.
443 482 563 534 Veri
584 498 856 545 nummus,
876 496 902 530 e
936 476 1165 530 Cimelio
1196 481 1380 551 Regio,
1409 479 1495 530 Est
1524 486 1577 532 ὃς
1607 484 1686 536 M.
1713 491 1931 560 Aurelii,

293 608 297 610 ,
360 558 412 606 in
435 572 542 626 quo
567 553 662 605 stat
690 556 980 624 Imperator
1004 553 1139 613 inter
1168 550 1294 603 duas
1324 549 1541 604 feminas
1568 556 1792 618 stolatam,

289 640 725 692 ΛΛΟΔΙΚΕΩΝ.
761 637 894 683 KAI.
928 625 1471 684 ΝΕῙΚΟΜΗΔΕΩΝ.
1507 640 1619 687 oM
1639 646 1686 690 o
1704 649 1813 696 No
1830 654 1852 696 1
1871 658 1929 700 Α,

365 703 680 767 Commodi,
703 718 763 754 ex
800 700 988 752 eodem
1022 701 1279 756 Cimelio:
1315 703 1521 755 Cereris
1552 711 1822 783 cumJOVe
1850 721 1928 771 ef.

360 779 529 853 figies:
564 775 649 827 illa
681 775 1175 832 Nicomedienfium
1197 778 1317 831 Dea
1334 819 1355 842 ,.
1369 775 1457 829 hic
1487 777 1925 861 Laodicenorum,

362 869 416 906 ut
439 854 630 904 dic‘kum
653 851 726 904 est
748 895 761 917 ,
787 848 995 904 Praeses.

289 937 333 986 A
353 936 558 986 ΑΟΔΙ
577 938 706 983 ΚΕΙ
729 940 789 981 A.
850 935 1068 985 ΛΥΚΟ
1089 937 1144 983 C.
1205 936 1376 984 ΚΑΠ
1395 940 1566 988 POJC.
1649 937 1924 993 Nummus

362 1004 650 1055 Commodi
684 1005 814 1074 Imp.
841 1017 869 1052 e
912 1002 1058 1054 Gaza
1087 1004 1252 1073 Regia
1276 1045 1290 1068 ,
1322 1005 1370 1054 in
1397 1022 1506 1076 quo
1535 1006 1720 1060 mulier
1744 1012 1929 1068 dextra

344 1077 536 1152 Jovem
575 1075 849 1131 Laodicea:
879 1075 1141 1150 praefidem
1188 1077 1367 1130 Deum
1401 1079 1596 1152 gestat,
1627 1084 1934 1162 deficietque

358 1156 493 1204 inter
523 1151 654 1204 duos
695 1151 899 1204 fluvios.
945 1151 1234 1213 Laodicea,
1265 1161 1429 1229 Lycus
1452 1195 1468 1216 ‚
1499 1162 1676 1226 Caper.
1709 1163 1930 1234 Plinius,

358 1223 447 1281 lib.
475 1246 523 1281 v.
547 1227 660 1280 sest.
693 1245 725 1277 x
741 1245 805 1279 xi
828 1244 877 1280 x.
941 1226 1201 1280 Laodicea
1232 1228 1456 1302 impofita
1480 1234 1541 1300 est
1561 1242 1692 1306 Lyco
1707 1238 1930 1305 flumini,

356 1298 519 1355 latera
544 1302 840 1353 affluentibus
886 1301 1051 1376 Asopo
1074 1302 1135 1365 &-
1174 1308 1340 1371 Capro
1369 1344 1384 1367 ‚
1425 1308 1686 1375 appellata
1718 1321 1928 1379 primum

357 1379 606 1447 Diospolis
626 1418 642 1439 ,
676 1375 781 1428 hoc
807 1375 880 1428 est
899 1420 913 1442 ‚
947 1379 1121 1433 civitas
1142 1377 1288 1450 Jovis
1312 1403 1321 1430 :
1350 1397 1452 1450 qua
1478 1398 1541 1434 ex
1569 1388 1930 1459 appellatione

356 1441 542 1506 Praeses
554 1453 662 1524 ejus
677 1450 859 1524 oppidi
876 1453 1115 1532 Juppiter
1140 1449 1290 1503 fuiffe
1308 1454 1613 1527 intelligitur
1634 1485 1643 1513 :
1670 1479 1846 1536 neque
1866 1482 1931 1519 ex

354 1543 413 1577 ea
433 1526 598 1578 modo
616 1571 630 1592 ,
661 1524 748 1576 sed
780 1532 831 1577 ὃς
854 1543 918 1576 ex
942 1528 1164 1576 nummis
1200 1540 1355 1579 antea
1377 1526 1560 1586 allatis.

275 1610 451 1660 ΑΥΤ.
494 1611 554 1657 Κ.
597 1611 670 1657 Μ.
714 1612 758 1656 A
785 1611 827 1656 Υ
853 1613 901 1656 P.
960 1613 1121 1658 ANT
1141 1611 1342 1659 ΩΝΕΙ
1363 1617 1471 1662 No
1493 1617 1548 1662 c.
1613 1611 1927 1690 Αόπψίτωρ

352 1679 542 1748 Καῖσαρ
576 1677 768 1747 Μάρκος
797 1676 1064 1748 Au'fn'm&
1092 1679 1414 1746 'Avwvffir&.
1461 1683 1744 1740 Caracallae
1779 1708 1930 1744 num-

352 1770 466 1804 mus
485 1797 499 1819 ,
522 1752 665 1823 cujus
696 1754 745 1804 in
769 1752 940 1805 aversa.
968 1768 1115 1825 parte
1131 1797 1145 1820 ,
1171 1763 1214 1809 A
1240 1766 1279 1808 A
1296 1768 1342 1811 O
1362 1766 1410 1811 Δ
1430 1767 1452 1811 Ι
1471 1769 1514 1813 Κ
1530 1769 1563 1814 Ε
1582 1771 1633 1817 Ω
1650 1776 1710 1820 Ν.
1755 1778 1924 1826 NEQ-

352 1838 505 1886 KOP
530 1838 581 1886 Ω
598 1841 663 1885 Ν.
703 1839 799 1884 ET
817 1837 970 1884 ΤΥΧ
988 1840 1062 1886 ΕΙ
1083 1840 1137 1885 C.
1184 1841 1227 1885 K
1246 1843 1288 1884 A
1308 1843 1329 1885 I
1347 1844 1443 1888 ΡΟ
1460 1845 1497 1889 Ι.
1523 1836 1719 1888 Felicia
1744 1856 1928 1913 tempo-

350 1921 411 1955 ra
428 1944 446 1966 ,
474 1917 700 1977 quatuor
739 1905 860 1955 anni
902 1903 1234 1977 tempestates
1270 1905 1496 1959 totidem
1526 1912 1754 1981 puerulis
1794 1918 1926 1970 defi-

351 1994 592 2050 guantur.
639 1979 723 2031 Sic
752 1980 804 2029 in
834 1977 1126 2030 Commodi
1158 1996 1377 2031 nummo
1397 2024 1412 2046 ,
1440 2000 1468 2033 e
1501 1985 1694 2037 Museo
1719 1992 1926 2060 nostro,

349 2050 553 2124 pueruli
594 2066 825 2124 quatuor
864 2052 1058 2104 fruetus
1087 2069 1150 2103 ex
1191 2050 1379 2105 arbore
1404 2055 1621 2129 legunt,
1651 2062 1928 2138 mediaque

348 2127 487 2178 inter
506 2122 639 2198 ipsos
660 2125 844 2180 Tellus
867 2126 1035 2180 sedet:
1058 2128 1343 2199 epigraphe
1361 2173 1374 2195 ,
1392 2132 1443 2182 T
1461 2133 1500 2184 E
1518 2134 1576 2185 M
1600 2136 1637 2187 P
1660 2136 1712 2188 O
1733 2140 1844 2193 RV
1866 2143 1928 2196 M

350 2202 442 2253 FE
461 2202 545 2254 LI
567 2202 612 2253 C
631 2203 655 2254 I
671 2203 719 2255 T
740 2202 786 2253 A
804 2203 852 2255 S.
910 2201 1090 2254 Tellus
1111 2247 1126 2268 ,
1151 2204 1367 2272 inquam
1393 2250 1406 2270 ,
1444 2225 1598 2275 quam
1639 2211 1924 2269 Puerorum

349 2277 637 2330 Nutricem
664 2275 1007 2348 appellarunt
1026 2319 1040 2342 ,
1079 2289 1182 2334 ΓΗ
1200 2289 1244 2333 N
1285 2291 1328 2336 K
1344 2294 1390 2337 O
1407 2293 1498 2338 ΥΡ
1513 2296 1559 2340 O
1576 2295 1618 2338 T
1635 2298 1669 2340 Ρ
1686 2301 1732 2344 O
1751 2304 1785 2349 Φ
1803 2304 1848 2348 O
1864 2306 1926 2358 N,

349 2364 410 2401 ut
435 2353 509 2402 ai‘t
532 2348 799 2404 Pausanias
822 2353 875 2401 in
894 2352 1086 2402 Atticis
1103 2395 1117 2418 ,
1146 2369 1263 2424 pag.
1287 2375 1363 2408 20.
1398 2357 1487 2409 Est
1509 2373 1682 2411 autem
1708 2365 1928 2436 inhujus

347 2427 550 2477 nummi
574 2427 835 2478 anteriore
855 2442 973 2477 area
999 2427 1292 2479 Commodi
1314 2447 1472 2502 caput
1493 2477 1506 2498 ‚
1539 2449 1656 2486 cum
1688 2435 1790 2490 hac
1818 2443 1930 2514 epi-

349 2500 582 2571 graphe,
609 2501 688 2553 M.
726 2501 836 2555 AV
854 2501 957 2555 RE
977 2502 1035 2572 L.
1074 2502 1120 2555 C
1144 2504 1197 2556 O
1216 2503 1357 2557 MM
1379 2507 1504 2561 OD
1526 2510 1574 2560 V
1592 2511 1640 2562 S.
1671 2514 1925 2574 ANTO-

349 2575 407 2627 N
431 2576 547 2630 IN.
583 2578 619 2629 P
641 2577 728 2630 IV
747 2576 796 2631 S.
835 2578 871 2630 F
894 2576 932 2628 E
952 2578 1014 2631 L.
1053 2578 1102 2630 A
1120 2581 1171 2632 V
1194 2579 1264 2632 G.
1293 2580 1393 2632 Ubi
1416 2581 1547 2634 illud
1568 2582 1743 2638 obiter
1761 2592 1926 2643 aduc-

347 2650 444 2699 tari
478 2666 651 2722 operae
687 2653 911 2722 pretium
936 2650 1095 2704 fuerit
1121 2696 1136 2719 ,
1187 2652 1446 2706 Caesarum
1491 2661 1714 2730 primum
1759 2668 1847 2735 qui
1881 2666 1929 2722 se

345 2728 505 2776 Pium
519 2725 739 2777 Felicem
755 2726 806 2776 in
833 2727 1059 2776 nummis
1076 2728 1195 2798 conj
1206 2731 1396 2781 unffim
1417 2733 1731 2806 inscripserit
1743 2782 1757 2805 ,
1780 2738 1928 2796 fuiff'e

351 2797 714 2852 Commodum
735 2843 749 2865 ‚
773 2816 871 2851 nec
897 2797 1012 2851 satis
1041 2800 1256 2854 honesta
1290 2819 1435 2856 certe
1461 2807 1686 2863 causa&
1708 2816 1928 2887 origine,

354 2870 390 2923 fi
412 2874 768 2946 Lampridium
803 2876 856 2924 in
885 2874 994 2945 ejus
1021 2877 1126 2926 vita
1155 2873 1393 2929 audimus
1408 2923 1432 2945 ,.
1465 2897 1582 2955 pag.
1622 2906 1724 2956 49,
1783 2895 1932 2944 Inter

350 2943 455 2999 haec
473 2947 784 3015 Commodus,
803 2954 839 3004 S
843 2963 992 3000 enata
1013 2951 1160 3017 lomet
1178 2949 1379 3016 ridente,
1403 2972 1506 3005 cum
1522 2958 1800 3013 adulterum
1819 2984 1924 3019 ma,

348 3029 441 3078 tris
465 3023 721 3101 Consulem
746 3022 1085 3100 defignaffot,
1111 3026 1396 3097 appeb'zztm
1431 3032 1494 3098 cst
1522 3040 1628 3086 ΡΙ
1639 3042 1702 3088 V
1706 3047 1781 3090 S·.·
1823 3061 1941 3098 cum⁴

1484 3109 1598 3163 Nn
1636 3109 1669 3178 ij
