<?xml version="1.0" encoding="UTF-8"?>
<!DOCTYPE html PUBLIC "-//W3C//DTD XHTML 1.0 Transitional//EN"
    "http://www.w3.org/TR/xhtml1/DTD/xhtml1-transitional.dtd">
<html xmlns="http://www.w3.org/1999/xhtml" xml:lang="en" lang="en">
 <head>
  <title>
</title>
<meta http-equiv="Content-Type" content="text/html;charset=utf-8" />
  <meta name='ocr-system' content='tesseract 3.04.00' />
  <meta name='ocr-capabilities' content='ocr_page ocr_carea ocr_par ocr_line ocrx_word'/>
</head>
<body>
  <div class='ocr_page' id='page_1' title='image "./joannisharduinis00hard_0026.png"; bbox 0 0 2228 3428; ppageno 0'>
   <div class='ocr_carea' id='block_1_1' title="bbox 292 241 2039 3002">
    <p class='ocr_par' dir='ltr' id='par_1_1' title="bbox 292 241 2039 3002">
     <span class='ocr_line' id='line_1_1' title="bbox 312 241 2019 332; baseline -0.009 -17"><span class='ocrx_word' id='word_1_1' title='bbox 312 255 396 315; x_wconf 86' lang='lat' dir='ltr'>mi</span> <span class='ocrx_word' id='word_1_2' title='bbox 415 271 582 313; x_wconf 86' lang='lat' dir='ltr'>notas</span> <span class='ocrx_word' id='word_1_3' title='bbox 607 247 804 310; x_wconf 84' lang='lat' dir='ltr'>vicem</span> <span class='ocrx_word' id='word_1_4' title='bbox 833 242 1056 309; x_wconf 86' lang='lat' dir='ltr'>habere</span> <span class='ocrx_word' id='word_1_5' title='bbox 1092 241 1427 307; x_wconf 84' lang='lat' dir='ltr'>videretur:</span> <span class='ocrx_word' id='word_1_6' title='bbox 1467 262 1534 302; x_wconf 90' lang='lat' dir='ltr'>ac</span> <span class='ocrx_word' id='word_1_7' title='bbox 1570 263 1708 305; x_wconf 87' lang='lat' dir='ltr'>non·</span> <span class='ocrx_word' id='word_1_8' title='bbox 1727 243 1876 329; x_wconf 80' lang='lat' dir='ltr'>justo</span> <span class='ocrx_word' id='word_1_9' title='bbox 1911 265 2019 332; x_wconf 66' lang='lat' dir='ltr'>po-</span> 
     </span>
     <span class='ocr_line' id='line_1_2' title="bbox 313 334 2023 429; baseline -0.008 -25"><span class='ocrx_word' id='word_1_10' title='bbox 313 348 423 404; x_wconf 87' lang='lat' dir='ltr'>tius</span> <span class='ocrx_word' id='word_1_11' title='bbox 454 353 512 403; x_wconf 81' lang='lat'>&amp;</span> <span class='ocrx_word' id='word_1_12' title='bbox 537 338 637 404; x_wconf 89' lang='lat' dir='ltr'>suo</span> <span class='ocrx_word' id='word_1_13' title='bbox 673 343 948 429; x_wconf 83' lang='lat' dir='ltr'>privatim</span> <span class='ocrx_word' id='word_1_14' title='bbox 977 334 1280 401; x_wconf 86' lang='lat' dir='ltr'>volumine</span> <span class='ocrx_word' id='word_1_15' title='bbox 1299 336 1638 421; x_wconf 74' lang='lat' dir='ltr'>appareret:</span> <span class='ocrx_word' id='word_1_16' title='bbox 1669 354 1734 395; x_wconf 92' lang='lat' dir='ltr'>ut</span> <span class='ocrx_word' id='word_1_17' title='bbox 1758 334 1897 399; x_wconf 88' lang='lat' dir='ltr'>esset</span> <span class='ocrx_word' id='word_1_18' title='bbox 1919 359 2023 399; x_wconf 64' lang='lat' dir='ltr'>ve-</span> 
     </span>
     <span class='ocr_line' id='line_1_3' title="bbox 312 422 2022 521; baseline -0.002 -27"><span class='ocrx_word' id='word_1_19' title='bbox 312 432 419 494; x_wconf 78' lang='lat' dir='ltr'>luti</span> <span class='ocrx_word' id='word_1_20' title='bbox 440 486 457 514; x_wconf 84' lang='grc'>,</span> <span class='ocrx_word' id='word_1_21' title='bbox 485 430 530 495; x_wconf 83' lang='lat' dir='ltr'>si</span> <span class='ocrx_word' id='word_1_22' title='bbox 557 430 723 496; x_wconf 86' lang='lat' dir='ltr'>lubet</span> <span class='ocrx_word' id='word_1_23' title='bbox 757 437 837 495; x_wconf 87' lang='lat' dir='ltr'>ita</span> <span class='ocrx_word' id='word_1_24' title='bbox 866 427 1192 521; x_wconf 81' lang='lat' dir='ltr'>appellare,</span> <span class='ocrx_word' id='word_1_25' title='bbox 1215 428 1570 516; x_wconf 83' lang='lat' dir='ltr'>prodromus</span> <span class='ocrx_word' id='word_1_26' title='bbox 1598 422 1896 491; x_wconf 88' lang='lat' dir='ltr'>Plinianus</span> <span class='ocrx_word' id='word_1_27' title='bbox 1917 457 1930 492; x_wconf 74' lang='grc' dir='ltr'>ε</span> <span class='ocrx_word' id='word_1_28' title='bbox 1955 451 2022 491; x_wconf 78' lang='lat' dir='ltr'>ex</span> 
     </span>
     <span class='ocr_line' id='line_1_4' title="bbox 315 516 2025 615; baseline -0.002 -29"><span class='ocrx_word' id='word_1_29' title='bbox 315 547 438 613; x_wconf 91' lang='lat' dir='ltr'>quo</span> <span class='ocrx_word' id='word_1_30' title='bbox 470 523 664 615; x_wconf 78' lang='lat' dir='ltr'>palam</span> <span class='ocrx_word' id='word_1_31' title='bbox 701 523 868 587; x_wconf 89' lang='lat' dir='ltr'>fieret</span> <span class='ocrx_word' id='word_1_32' title='bbox 899 577 916 604; x_wconf 81' lang='grc'>,</span> <span class='ocrx_word' id='word_1_33' title='bbox 949 545 1133 612; x_wconf 83' lang='lat' dir='ltr'>quam</span> <span class='ocrx_word' id='word_1_34' title='bbox 1170 518 1243 583; x_wconf 81' lang='lat' dir='ltr'>sit</span> <span class='ocrx_word' id='word_1_35' title='bbox 1287 516 1572 581; x_wconf 88' lang='lat' dir='ltr'>immensa</span> <span class='ocrx_word' id='word_1_36' title='bbox 1604 540 1802 581; x_wconf 89' lang='lat' dir='ltr'>rerum</span> <span class='ocrx_word' id='word_1_37' title='bbox 1853 516 2025 603; x_wconf 76' lang='lat' dir='ltr'>silva,</span> 
     </span>
     <span class='ocr_line' id='line_1_5' title="bbox 315 608 2029 705; baseline -0.002 -27"><span class='ocrx_word' id='word_1_38' title='bbox 315 640 565 705; x_wconf 79' lang='lat' dir='ltr'>quarum</span> <span class='ocrx_word' id='word_1_39' title='bbox 593 614 1144 704; x_wconf 66' lang='lat' dir='ltr'>cognoscendarum</span> <span class='ocrx_word' id='word_1_40' title='bbox 1178 611 1336 675; x_wconf 82' lang='lat' dir='ltr'>sitim</span> <span class='ocrx_word' id='word_1_41' title='bbox 1361 610 1651 673; x_wconf 88' lang='lat' dir='ltr'>accendat</span> <span class='ocrx_word' id='word_1_42' title='bbox 1671 608 1862 673; x_wconf 89' lang='lat' dir='ltr'>sedula</span> <span class='ocrx_word' id='word_1_43' title='bbox 1891 633 2029 698; x_wconf 86' lang='lat' dir='ltr'>ope-</span> 
     </span>
     <span class='ocr_line' id='line_1_6' title="bbox 312 700 2029 797; baseline -0.006 -26"><span class='ocrx_word' id='word_1_44' title='bbox 312 714 388 771; x_wconf 87' lang='lat' dir='ltr'>ris</span> <span class='ocrx_word' id='word_1_45' title='bbox 419 709 659 773; x_wconf 71' lang='lat' dir='ltr'>Pl‘iniani</span> <span class='ocrx_word' id='word_1_46' title='bbox 687 706 885 774; x_wconf 68' lang='lat' dir='ltr'>lefflo.</span> <span class='ocrx_word' id='word_1_47' title='bbox 931 715 1154 797; x_wconf 83' lang='lat' dir='ltr'>Neque</span> <span class='ocrx_word' id='word_1_48' title='bbox 1185 727 1387 767; x_wconf 87' lang='lat' dir='ltr'>tamen</span> <span class='ocrx_word' id='word_1_49' title='bbox 1420 702 1719 793; x_wconf 89' lang='lat' dir='ltr'>quidquid</span> <span class='ocrx_word' id='word_1_50' title='bbox 1745 700 1877 765; x_wconf 87' lang='lat' dir='ltr'>elici</span> <span class='ocrx_word' id='word_1_51' title='bbox 1898 725 2029 765; x_wconf 75' lang='lat' dir='ltr'>eru-</span> 
     </span>
     <span class='ocr_line' id='line_1_7' title="bbox 315 793 2028 890; baseline -0.002 -28"><span class='ocrx_word' id='word_1_52' title='bbox 315 799 554 865; x_wconf 83' lang='lat' dir='ltr'>ditionis</span> <span class='ocrx_word' id='word_1_53' title='bbox 586 826 654 863; x_wconf 77' lang='lat' dir='ltr'>ex</span> <span class='ocrx_word' id='word_1_54' title='bbox 694 806 956 864; x_wconf 83' lang='lat' dir='ltr'>nummis</span> <span class='ocrx_word' id='word_1_55' title='bbox 985 856 1003 881; x_wconf 61' lang='lat'>2</span> <span class='ocrx_word' id='word_1_56' title='bbox 1034 796 1327 890; x_wconf 85' lang='lat' dir='ltr'>quidquid</span> <span class='ocrx_word' id='word_1_57' title='bbox 1370 800 1587 885; x_wconf 79' lang='lat' dir='ltr'>percipi</span> <span class='ocrx_word' id='word_1_58' title='bbox 1626 793 1889 858; x_wconf 68' lang='lat' dir='ltr'>utilitatis</span> <span class='ocrx_word' id='word_1_59' title='bbox 1919 818 2028 884; x_wconf 91' lang='lat' dir='ltr'>po-</span> 
     </span>
     <span class='ocr_line' id='line_1_8' title="bbox 314 884 2028 983; baseline -0.002 -31"><span class='ocrx_word' id='word_1_60' title='bbox 314 891 461 974; x_wconf 83' lang='lat' dir='ltr'>test,</span> <span class='ocrx_word' id='word_1_61' title='bbox 482 893 541 956; x_wconf 92' lang='lat' dir='ltr'>id</span> <span class='ocrx_word' id='word_1_62' title='bbox 564 917 746 958; x_wconf 84' lang='lat' dir='ltr'>omne</span> <span class='ocrx_word' id='word_1_63' title='bbox 773 893 962 957; x_wconf 88' lang='lat' dir='ltr'>modo</span> <span class='ocrx_word' id='word_1_64' title='bbox 993 889 1266 983; x_wconf 72' lang='lat' dir='ltr'>persequi</span> <span class='ocrx_word' id='word_1_65' title='bbox 1297 888 1474 954; x_wconf 83' lang='lat' dir='ltr'>velim</span> <span class='ocrx_word' id='word_1_66' title='bbox 1504 941 1522 966; x_wconf 84' lang='grc'>,</span> <span class='ocrx_word' id='word_1_67' title='bbox 1548 912 1686 951; x_wconf 88' lang='lat' dir='ltr'>cum</span> <span class='ocrx_word' id='word_1_68' title='bbox 1718 911 1830 951; x_wconf 89' lang='lat' dir='ltr'>nec</span> <span class='ocrx_word' id='word_1_69' title='bbox 1854 884 1897 950; x_wconf 85' lang='lat' dir='ltr'>si</span> <span class='ocrx_word' id='word_1_70' title='bbox 1928 911 2028 950; x_wconf 77' lang='lat' dir='ltr'>ve-</span> 
     </span>
     <span class='ocr_line' id='line_1_9' title="bbox 312 976 2025 1076; baseline -0.002 -31"><span class='ocrx_word' id='word_1_71' title='bbox 312 981 418 1047; x_wconf 89' lang='lat' dir='ltr'>lim</span> <span class='ocrx_word' id='word_1_72' title='bbox 452 983 609 1050; x_wconf 88' lang='lat' dir='ltr'>forte</span> <span class='ocrx_word' id='word_1_73' title='bbox 640 984 866 1076; x_wconf 81' lang='lat' dir='ltr'>poffim.</span> <span class='ocrx_word' id='word_1_74' title='bbox 913 987 1029 1052; x_wconf 87' lang='lat' dir='ltr'>Sed</span> <span class='ocrx_word' id='word_1_75' title='bbox 1083 1005 1148 1046; x_wconf 90' lang='lat' dir='ltr'>ut</span> <span class='ocrx_word' id='word_1_76' title='bbox 1199 982 1282 1045; x_wconf 83' lang='lat' dir='ltr'>est</span> <span class='ocrx_word' id='word_1_77' title='bbox 1325 1003 1452 1044; x_wconf 80' lang='lat' dir='ltr'>tota</span> <span class='ocrx_word' id='word_1_78' title='bbox 1500 980 1574 1043; x_wconf 88' lang='lat' dir='ltr'>de</span> <span class='ocrx_word' id='word_1_79' title='bbox 1611 985 1868 1045; x_wconf 89' lang='lat' dir='ltr'>nummis</span> <span class='ocrx_word' id='word_1_80' title='bbox 1916 976 2025 1043; x_wconf 69' lang='lat' dir='ltr'>difi</span> 
     </span>
     <span class='ocr_line' id='line_1_10' title="bbox 311 1072 2028 1169; baseline -0.003 -30"><span class='ocrx_word' id='word_1_81' title='bbox 311 1084 546 1164; x_wconf 87' lang='lat' dir='ltr'>putatio</span> <span class='ocrx_word' id='word_1_82' title='bbox 572 1086 633 1143; x_wconf 91' lang='lat' dir='ltr'>in</span> <span class='ocrx_word' id='word_1_83' title='bbox 655 1102 766 1143; x_wconf 87' lang='lat' dir='ltr'>tres</span> <span class='ocrx_word' id='word_1_84' title='bbox 786 1101 979 1169; x_wconf 84' lang='lat' dir='ltr'>partes</span> <span class='ocrx_word' id='word_1_85' title='bbox 1006 1074 1368 1168; x_wconf 83' lang='lat' dir='ltr'>potiffimum</span> <span class='ocrx_word' id='word_1_86' title='bbox 1386 1129 1403 1156; x_wconf 81' lang='lat'>‚</span> <span class='ocrx_word' id='word_1_87' title='bbox 1423 1072 1624 1137; x_wconf 87' lang='lat' dir='ltr'>nostro</span> <span class='ocrx_word' id='word_1_88' title='bbox 1653 1072 1900 1164; x_wconf 90' lang='lat' dir='ltr'>quidem</span> <span class='ocrx_word' id='word_1_89' title='bbox 1939 1079 2028 1157; x_wconf 84' lang='lat' dir='ltr'>ju-</span> 
     </span>
     <span class='ocr_line' id='line_1_11' title="bbox 314 1162 2030 1262; baseline -0.002 -32"><span class='ocrx_word' id='word_1_90' title='bbox 314 1168 472 1232; x_wconf 89' lang='lat' dir='ltr'>dicio</span> <span class='ocrx_word' id='word_1_91' title='bbox 495 1225 513 1252; x_wconf 81' lang='lat'><em>,</em></span> <span class='ocrx_word' id='word_1_92' title='bbox 541 1172 884 1252; x_wconf 81' lang='lat' dir='ltr'>tribuenda,</span> <span class='ocrx_word' id='word_1_93' title='bbox 907 1194 1159 1262; x_wconf 88' lang='lat' dir='ltr'>quarum</span> <span class='ocrx_word' id='word_1_94' title='bbox 1190 1174 1379 1257; x_wconf 86' lang='lat' dir='ltr'>prima</span> <span class='ocrx_word' id='word_1_95' title='bbox 1410 1162 1735 1253; x_wconf 76' lang='lat' dir='ltr'>symbolica</span> <span class='ocrx_word' id='word_1_96' title='bbox 1761 1163 1895 1228; x_wconf 85' lang='lat' dir='ltr'>sane</span> <span class='ocrx_word' id='word_1_97' title='bbox 1926 1188 2030 1253; x_wconf 78' lang='lat' dir='ltr'>ap-</span> 
     </span>
     <span class='ocr_line' id='line_1_12' title="bbox 312 1258 2034 1351; baseline -0.003 -28"><span class='ocrx_word' id='word_1_98' title='bbox 312 1258 791 1349; x_wconf 83' lang='lat' dir='ltr'>pelletur‚altera</span> <span class='ocrx_word' id='word_1_99' title='bbox 824 1264 1101 1328; x_wconf 86' lang='lat' dir='ltr'>historica</span> <span class='ocrx_word' id='word_1_100' title='bbox 1121 1317 1140 1344; x_wconf 80' lang='grc'>,</span> <span class='ocrx_word' id='word_1_101' title='bbox 1173 1259 1595 1351; x_wconf 78' lang='lat' dir='ltr'>Geographica</span> <span class='ocrx_word' id='word_1_102' title='bbox 1623 1258 1881 1348; x_wconf 86' lang='lat' dir='ltr'>denique</span> <span class='ocrx_word' id='word_1_103' title='bbox 1913 1280 2034 1320; x_wconf 65' lang='lat' dir='ltr'>ter„-</span> 
     </span>
     <span class='ocr_line' id='line_1_13' title="bbox 315 1348 2030 1444; baseline -0.002 -29"><span class='ocrx_word' id='word_1_104' title='bbox 315 1358 426 1419; x_wconf 82' lang='lat' dir='ltr'>tia:</span> <span class='ocrx_word' id='word_1_105' title='bbox 457 1354 644 1419; x_wconf 82' lang='lat' dir='ltr'>dilatis</span> <span class='ocrx_word' id='word_1_106' title='bbox 665 1362 729 1420; x_wconf 90' lang='lat' dir='ltr'>in</span> <span class='ocrx_word' id='word_1_107' title='bbox 755 1355 911 1418; x_wconf 89' lang='lat' dir='ltr'>aliud</span> <span class='ocrx_word' id='word_1_108' title='bbox 936 1376 1170 1444; x_wconf 88' lang='lat' dir='ltr'>tempus</span> <span class='ocrx_word' id='word_1_109' title='bbox 1205 1351 1496 1440; x_wconf 83' lang='lat' dir='ltr'>prioribus</span> <span class='ocrx_word' id='word_1_110' title='bbox 1527 1348 1752 1414; x_wconf 85' lang='lat' dir='ltr'>duabus</span> <span class='ocrx_word' id='word_1_111' title='bbox 1769 1401 1788 1427; x_wconf 82' lang='lat'><em>,</em></span> <span class='ocrx_word' id='word_1_112' title='bbox 1813 1348 2030 1439; x_wconf 85' lang='lat' dir='ltr'>quibus</span> 
     </span>
     <span class='ocr_line' id='line_1_14' title="bbox 313 1439 2031 1535; baseline -0.005 -23"><span class='ocrx_word' id='word_1_113' title='bbox 313 1453 558 1535; x_wconf 82' lang='lat' dir='ltr'>Regum</span> <span class='ocrx_word' id='word_1_114' title='bbox 587 1470 654 1508; x_wconf 88' lang='lat' dir='ltr'>ac</span> <span class='ocrx_word' id='word_1_115' title='bbox 685 1444 976 1510; x_wconf 66' lang='lat' dir='ltr'>Caesarum</span> <span class='ocrx_word' id='word_1_116' title='bbox 1006 1471 1097 1506; x_wconf 82' lang='lat' dir='ltr'>res</span> <span class='ocrx_word' id='word_1_117' title='bbox 1131 1444 1317 1533; x_wconf 80' lang='lat' dir='ltr'>gestas</span> <span class='ocrx_word' id='word_1_118' title='bbox 1344 1494 1363 1519; x_wconf 81' lang='grc'>,</span> <span class='ocrx_word' id='word_1_119' title='bbox 1381 1449 1777 1528; x_wconf 88' lang='lat' dir='ltr'>Deorumque</span> <span class='ocrx_word' id='word_1_120' title='bbox 1808 1439 2031 1530; x_wconf 80' lang='lat' dir='ltr'>effigies</span> 
     </span>
     <span class='ocr_line' id='line_1_15' title="bbox 314 1533 2033 1629; baseline -0.008 -29"><span class='ocrx_word' id='word_1_121' title='bbox 314 1546 378 1600; x_wconf 61' lang='grc' dir='ltr'>ὅ(</span> <span class='ocrx_word' id='word_1_122' title='bbox 401 1535 832 1629; x_wconf 76' lang='lat' dir='ltr'>reliqua8,quae</span> <span class='ocrx_word' id='word_1_123' title='bbox 862 1533 1198 1625; x_wconf 84' lang='lat' dir='ltr'>symbolicae</span> <span class='ocrx_word' id='word_1_124' title='bbox 1222 1554 1513 1598; x_wconf 86' lang='lat' dir='ltr'>vocantur</span> <span class='ocrx_word' id='word_1_125' title='bbox 1528 1585 1545 1613; x_wconf 79' lang='lat'>,</span> <span class='ocrx_word' id='word_1_126' title='bbox 1568 1537 1771 1594; x_wconf 90' lang='lat' dir='ltr'>icones</span> <span class='ocrx_word' id='word_1_127' title='bbox 1788 1584 1806 1609; x_wconf 83' lang='grc'>,</span> <span class='ocrx_word' id='word_1_128' title='bbox 1831 1537 2033 1620; x_wconf 84' lang='lat' dir='ltr'>propi-</span> 
     </span>
     <span class='ocr_line' id='line_1_16' title="bbox 316 1622 2036 1713; baseline -0.003 -22"><span class='ocrx_word' id='word_1_129' title='bbox 316 1633 403 1691; x_wconf 91' lang='lat' dir='ltr'>tio</span> <span class='ocrx_word' id='word_1_130' title='bbox 435 1636 707 1696; x_wconf 84' lang='lat' dir='ltr'>Numine</span> <span class='ocrx_word' id='word_1_131' title='bbox 751 1627 1170 1693; x_wconf 86' lang='lat' dir='ltr'>illustrabimus</span> <span class='ocrx_word' id='word_1_132' title='bbox 1202 1658 1217 1694; x_wconf 73' lang='grc' dir='ltr'>ε</span> <span class='ocrx_word' id='word_1_133' title='bbox 1253 1649 1408 1690; x_wconf 89' lang='lat' dir='ltr'>nunc</span> <span class='ocrx_word' id='word_1_134' title='bbox 1440 1630 1501 1688; x_wconf 90' lang='lat' dir='ltr'>in</span> <span class='ocrx_word' id='word_1_135' title='bbox 1537 1647 1604 1686; x_wconf 88' lang='lat' dir='ltr'>ea</span> <span class='ocrx_word' id='word_1_136' title='bbox 1644 1646 1811 1713; x_wconf 86' lang='lat' dir='ltr'>parte</span> <span class='ocrx_word' id='word_1_137' title='bbox 1844 1622 2036 1687; x_wconf 84' lang='lat' dir='ltr'>haere-</span> 
     </span>
     <span class='ocr_line' id='line_1_17' title="bbox 314 1715 2032 1814; baseline -0.003 -30"><span class='ocrx_word' id='word_1_138' title='bbox 314 1745 445 1784; x_wconf 87' lang='lat' dir='ltr'>mus</span> <span class='ocrx_word' id='word_1_139' title='bbox 469 1746 589 1786; x_wconf 92' lang='lat' dir='ltr'>una</span> <span class='ocrx_word' id='word_1_140' title='bbox 608 1777 627 1805; x_wconf 76' lang='grc'>,</span> <span class='ocrx_word' id='word_1_141' title='bbox 657 1746 787 1814; x_wconf 83' lang='lat' dir='ltr'>quae</span> <span class='ocrx_word' id='word_1_142' title='bbox 822 1722 908 1786; x_wconf 89' lang='lat' dir='ltr'>est</span> <span class='ocrx_word' id='word_1_143' title='bbox 939 1718 1206 1810; x_wconf 89' lang='lat' dir='ltr'>pluribus</span> <span class='ocrx_word' id='word_1_144' title='bbox 1239 1717 1433 1782; x_wconf 82' lang='lat' dir='ltr'>obsita</span> <span class='ocrx_word' id='word_1_145' title='bbox 1463 1715 1878 1781; x_wconf 84' lang='lat' dir='ltr'>difficultatum</span> <span class='ocrx_word' id='word_1_146' title='bbox 1909 1740 2032 1780; x_wconf 86' lang='lat' dir='ltr'>am-</span> 
     </span>
     <span class='ocr_line' id='line_1_18' title="bbox 320 1807 2033 1907; baseline -0.002 -32"><span class='ocrx_word' id='word_1_147' title='bbox 320 1810 606 1906; x_wconf 80' lang='lat' dir='ltr'>bagibUS,</span> <span class='ocrx_word' id='word_1_148' title='bbox 624 1839 755 1907; x_wconf 81' lang='lat' dir='ltr'>quae</span> <span class='ocrx_word' id='word_1_149' title='bbox 777 1813 1140 1905; x_wconf 89' lang='lat' dir='ltr'>populorum</span> <span class='ocrx_word' id='word_1_150' title='bbox 1167 1867 1186 1895; x_wconf 83' lang='grc'>,</span> <span class='ocrx_word' id='word_1_151' title='bbox 1211 1832 1276 1873; x_wconf 92' lang='lat' dir='ltr'>ut</span> <span class='ocrx_word' id='word_1_152' title='bbox 1307 1811 1551 1874; x_wconf 82' lang='lat' dir='ltr'>diximus</span> <span class='ocrx_word' id='word_1_153' title='bbox 1571 1807 1786 1890; x_wconf 80' lang='lat' dir='ltr'>‚situm</span> <span class='ocrx_word' id='word_1_154' title='bbox 1811 1863 1828 1891; x_wconf 85' lang='lat'>,</span> <span class='ocrx_word' id='word_1_155' title='bbox 1863 1833 1998 1872; x_wconf 85' lang='lat' dir='ltr'>aeras</span> <span class='ocrx_word' id='word_1_156' title='bbox 2013 1861 2033 1889; x_wconf 87' lang='lat'>‚</span> 
     </span>
     <span class='ocr_line' id='line_1_19' title="bbox 316 1899 2038 2000; baseline -0.004 -30"><span class='ocrx_word' id='word_1_157' title='bbox 316 1912 615 1999; x_wconf 83' lang='lat' dir='ltr'>originem</span> <span class='ocrx_word' id='word_1_158' title='bbox 634 1962 650 1989; x_wconf 84' lang='lat'>‚</span> <span class='ocrx_word' id='word_1_159' title='bbox 682 1912 1096 2000; x_wconf 85' lang='lat' dir='ltr'>praerogativas</span> <span class='ocrx_word' id='word_1_160' title='bbox 1121 1960 1139 1988; x_wconf 79' lang='lat'>‚</span> <span class='ocrx_word' id='word_1_161' title='bbox 1159 1901 1643 1997; x_wconf 80' lang='lat' dir='ltr'>magistratusque</span> <span class='ocrx_word' id='word_1_162' title='bbox 1688 1899 2038 1990; x_wconf 62' lang='lat' dir='ltr'>complecti-</span> 
     </span>
     <span class='ocr_line' id='line_1_20' title="bbox 318 1991 2033 2080; baseline -0.005 -21"><span class='ocrx_word' id='word_1_163' title='bbox 318 2018 415 2061; x_wconf 90' lang='lat' dir='ltr'>tur</span> <span class='ocrx_word' id='word_1_164' title='bbox 437 2030 449 2065; x_wconf 90' lang='lat'>:</span> <span class='ocrx_word' id='word_1_165' title='bbox 471 2024 539 2063; x_wconf 89' lang='lat' dir='ltr'>ac</span> <span class='ocrx_word' id='word_1_166' title='bbox 566 2000 783 2065; x_wconf 85' lang='lat' dir='ltr'>florum</span> <span class='ocrx_word' id='word_1_167' title='bbox 806 2000 905 2064; x_wconf 86' lang='lat' dir='ltr'>hic</span> <span class='ocrx_word' id='word_1_168' title='bbox 929 1999 1114 2065; x_wconf 86' lang='lat' dir='ltr'>veluti</span> <span class='ocrx_word' id='word_1_169' title='bbox 1146 1996 1480 2080; x_wconf 74' lang='lat' dir='ltr'>manipulo&lt;</span> <span class='ocrx_word' id='word_1_170' title='bbox 1512 2019 1580 2049; x_wconf 68' lang='lat' dir='ltr'>ex</span> <span class='ocrx_word' id='word_1_171' title='bbox 1605 1992 1797 2079; x_wconf 77' lang='lat' dir='ltr'>agello</span> <span class='ocrx_word' id='word_1_172' title='bbox 1826 1991 2033 2054; x_wconf 88' lang='lat' dir='ltr'>nostro</span> 
     </span>
     <span class='ocr_line' id='line_1_21' title="bbox 316 2078 2035 2181; baseline -0.007 -28"><span class='ocrx_word' id='word_1_173' title='bbox 316 2089 524 2156; x_wconf 87' lang='lat' dir='ltr'>damus</span> <span class='ocrx_word' id='word_1_174' title='bbox 538 2116 710 2176; x_wconf 71' lang='lat' dir='ltr'>,mox</span> <span class='ocrx_word' id='word_1_175' title='bbox 729 2091 906 2181; x_wconf 85' lang='lat' dir='ltr'>paulo</span> <span class='ocrx_word' id='word_1_176' title='bbox 936 2091 1078 2156; x_wconf 67' lang='lat' dir='ltr'>facsh</span> <span class='ocrx_word' id='word_1_177' title='bbox 1096 2091 1335 2146; x_wconf 82' lang='lat' dir='ltr'>ditiores</span> <span class='ocrx_word' id='word_1_178' title='bbox 1360 2078 1632 2144; x_wconf 89' lang='lat' dir='ltr'>viridaria</span> <span class='ocrx_word' id='word_1_179' title='bbox 1657 2086 1889 2170; x_wconf 81' lang='lat' dir='ltr'>integra</span> <span class='ocrx_word' id='word_1_180' title='bbox 1912 2082 2035 2149; x_wconf 85' lang='lat' dir='ltr'>ob-</span> 
     </span>
     <span class='ocr_line' id='line_1_22' title="bbox 315 2167 2035 2270; baseline -0.003 -28"><span class='ocrx_word' id='word_1_181' title='bbox 315 2178 500 2250; x_wconf 88' lang='lat' dir='ltr'>laturi.</span> <span class='ocrx_word' id='word_1_182' title='bbox 527 2189 721 2270; x_wconf 85' lang='lat' dir='ltr'>Atqui</span> <span class='ocrx_word' id='word_1_183' title='bbox 745 2182 824 2242; x_wconf 76' lang='lat' dir='ltr'>fic</span> <span class='ocrx_word' id='word_1_184' title='bbox 850 2172 1122 2238; x_wconf 84' lang='lat' dir='ltr'>delibatae</span> <span class='ocrx_word' id='word_1_185' title='bbox 1150 2178 1269 2260; x_wconf 88' lang='lat' dir='ltr'>jam</span> <span class='ocrx_word' id='word_1_186' title='bbox 1291 2192 1483 2260; x_wconf 87' lang='lat' dir='ltr'>partes</span> <span class='ocrx_word' id='word_1_187' title='bbox 1499 2167 1627 2233; x_wconf 84' lang='lat' dir='ltr'>duae</span> <span class='ocrx_word' id='word_1_188' title='bbox 1650 2168 1778 2234; x_wconf 89' lang='lat' dir='ltr'>sunt</span> <span class='ocrx_word' id='word_1_189' title='bbox 1797 2170 2035 2262; x_wconf 80' lang='lat' dir='ltr'>reliquae</span> 
     </span>
     <span class='ocr_line' id='line_1_23' title="bbox 314 2260 2033 2352; baseline -0.005 -17"><span class='ocrx_word' id='word_1_190' title='bbox 314 2295 454 2336; x_wconf 89' lang='lat' dir='ltr'>ante</span> <span class='ocrx_word' id='word_1_191' title='bbox 500 2297 609 2337; x_wconf 86' lang='lat' dir='ltr'>nos</span> <span class='ocrx_word' id='word_1_192' title='bbox 658 2269 733 2333; x_wconf 89' lang='lat' dir='ltr'>ab</span> <span class='ocrx_word' id='word_1_193' title='bbox 783 2273 921 2333; x_wconf 88' lang='lat' dir='ltr'>viris</span> <span class='ocrx_word' id='word_1_194' title='bbox 952 2264 1190 2330; x_wconf 87' lang='lat' dir='ltr'>eruditis</span> <span class='ocrx_word' id='word_1_195' title='bbox 1224 2318 1243 2343; x_wconf 84' lang='lat'>‚</span> <span class='ocrx_word' id='word_1_196' title='bbox 1282 2260 1595 2352; x_wconf 86' lang='lat' dir='ltr'>praesertim</span> <span class='ocrx_word' id='word_1_197' title='bbox 1631 2261 1708 2325; x_wconf 88' lang='lat' dir='ltr'>ab</span> <span class='ocrx_word' id='word_1_198' title='bbox 1761 2266 2033 2327; x_wconf 87' lang='lat' dir='ltr'>Antonio</span> 
     </span>
     <span class='ocr_line' id='line_1_24' title="bbox 313 2354 2039 2457; baseline -0.011 -27"><span class='ocrx_word' id='word_1_199' title='bbox 313 2365 683 2457; x_wconf 83' lang='lat' dir='ltr'>Augustin0‚</span> <span class='ocrx_word' id='word_1_200' title='bbox 712 2372 771 2425; x_wconf 71' lang='grc' dir='ltr'>δε</span> <span class='ocrx_word' id='word_1_201' title='bbox 798 2359 1052 2426; x_wconf 85' lang='lat' dir='ltr'>Alberto</span> <span class='ocrx_word' id='word_1_202' title='bbox 1072 2354 1355 2425; x_wconf 78' lang='lat' dir='ltr'>Rubenio</span> <span class='ocrx_word' id='word_1_203' title='bbox 1374 2387 1392 2422; x_wconf 72' lang='grc' dir='ltr'>ε,</span> <span class='ocrx_word' id='word_1_204' title='bbox 1415 2376 1481 2418; x_wconf 91' lang='lat' dir='ltr'>ut</span> <span class='ocrx_word' id='word_1_205' title='bbox 1507 2377 1855 2447; x_wconf 78' lang='lat' dir='ltr'>quanquam</span> <span class='ocrx_word' id='word_1_206' title='bbox 1895 2356 2039 2442; x_wconf 56' lang='lat' dir='ltr'>adji„</span> 
     </span>
     <span class='ocr_line' id='line_1_25' title="bbox 316 2442 2032 2549; baseline -0.006 -30"><span class='ocrx_word' id='word_1_207' title='bbox 316 2463 371 2522; x_wconf 90' lang='lat' dir='ltr'>ci</span> <span class='ocrx_word' id='word_1_208' title='bbox 406 2463 501 2540; x_wconf 80' lang='lat' dir='ltr'>iis,</span> <span class='ocrx_word' id='word_1_209' title='bbox 526 2481 655 2549; x_wconf 85' lang='lat' dir='ltr'>quae</span> <span class='ocrx_word' id='word_1_210' title='bbox 682 2454 765 2518; x_wconf 89' lang='lat' dir='ltr'>illi</span> <span class='ocrx_word' id='word_1_211' title='bbox 782 2452 1010 2534; x_wconf 80' lang='lat' dir='ltr'>dixere,</span> <span class='ocrx_word' id='word_1_212' title='bbox 1032 2448 1226 2514; x_wconf 87' lang='lat' dir='ltr'>multo</span> <span class='ocrx_word' id='word_1_213' title='bbox 1254 2446 1417 2538; x_wconf 89' lang='lat' dir='ltr'>plura</span> <span class='ocrx_word' id='word_1_214' title='bbox 1443 2445 1655 2537; x_wconf 83' lang='lat' dir='ltr'>possint</span> <span class='ocrx_word' id='word_1_215' title='bbox 1675 2501 1693 2528; x_wconf 82' lang='grc'>,</span> <span class='ocrx_word' id='word_1_216' title='bbox 1723 2442 1924 2510; x_wconf 86' lang='lat' dir='ltr'>facem</span> <span class='ocrx_word' id='word_1_217' title='bbox 1945 2470 2032 2510; x_wconf 88' lang='lat' dir='ltr'>ta-</span> 
     </span>
     <span class='ocr_line' id='line_1_26' title="bbox 314 2539 2035 2631; baseline -0.008 -16"><span class='ocrx_word' id='word_1_218' title='bbox 314 2573 458 2616; x_wconf 86' lang='lat' dir='ltr'>men</span> <span class='ocrx_word' id='word_1_219' title='bbox 484 2546 777 2613; x_wconf 75' lang='lat' dir='ltr'>tradidisse</span> <span class='ocrx_word' id='word_1_220' title='bbox 809 2551 1018 2609; x_wconf 90' lang='lat' dir='ltr'>ceteris</span> <span class='ocrx_word' id='word_1_221' title='bbox 1048 2548 1266 2607; x_wconf 90' lang='lat' dir='ltr'>merito</span> <span class='ocrx_word' id='word_1_222' title='bbox 1297 2539 1509 2631; x_wconf 78' lang='lat' dir='ltr'>possint</span> <span class='ocrx_word' id='word_1_223' title='bbox 1537 2539 1737 2604; x_wconf 84' lang='lat' dir='ltr'>videri.</span> <span class='ocrx_word' id='word_1_224' title='bbox 1770 2544 1861 2601; x_wconf 89' lang='lat' dir='ltr'>Sic</span> <span class='ocrx_word' id='word_1_225' title='bbox 1889 2562 2035 2603; x_wconf 90' lang='lat' dir='ltr'>vero</span> 
     </span>
     <span class='ocr_line' id='line_1_27' title="bbox 314 2633 2032 2734; baseline -0.005 -30"><span class='ocrx_word' id='word_1_226' title='bbox 314 2665 417 2706; x_wconf 85' lang='lat' dir='ltr'>aut</span> <span class='ocrx_word' id='word_1_227' title='bbox 448 2642 719 2734; x_wconf 63' lang='lat' dir='ltr'>neglecta</span> <span class='ocrx_word' id='word_1_228' title='bbox 743 2638 916 2730; x_wconf 87' lang='lat' dir='ltr'>plane</span> <span class='ocrx_word' id='word_1_229' title='bbox 937 2636 1035 2701; x_wconf 86' lang='lat' dir='ltr'>..ab</span> <span class='ocrx_word' id='word_1_230' title='bbox 1079 2633 1361 2699; x_wconf 86' lang='lat' dir='ltr'>omnibus</span> <span class='ocrx_word' id='word_1_231' title='bbox 1381 2687 1399 2714; x_wconf 83' lang='grc'>,</span> <span class='ocrx_word' id='word_1_232' title='bbox 1427 2654 1528 2695; x_wconf 90' lang='lat' dir='ltr'>aut</span> <span class='ocrx_word' id='word_1_233' title='bbox 1565 2651 1792 2694; x_wconf 88' lang='lat' dir='ltr'>tentata</span> <span class='ocrx_word' id='word_1_234' title='bbox 1823 2654 1856 2692; x_wconf 90' lang='lat' dir='ltr'>a</span> <span class='ocrx_word' id='word_1_235' title='bbox 1881 2653 2032 2695; x_wconf 85' lang='lat' dir='ltr'>non-</span> 
     </span>
     <span class='ocr_line' id='line_1_28' title="bbox 314 2722 2031 2813; baseline -0.01 -13"><span class='ocrx_word' id='word_1_236' title='bbox 314 2735 484 2800; x_wconf 88' lang='lat' dir='ltr'>nullis</span> <span class='ocrx_word' id='word_1_237' title='bbox 518 2735 715 2799; x_wconf 90' lang='lat' dir='ltr'>obiter</span> <span class='ocrx_word' id='word_1_238' title='bbox 762 2744 819 2796; x_wconf 85' lang='lat'>&amp;</span> <span class='ocrx_word' id='word_1_239' title='bbox 853 2736 916 2794; x_wconf 88' lang='lat' dir='ltr'>in</span> <span class='ocrx_word' id='word_1_240' title='bbox 948 2727 1270 2794; x_wconf 89' lang='lat' dir='ltr'>transcursu</span> <span class='ocrx_word' id='word_1_241' title='bbox 1308 2724 1432 2789; x_wconf 84' lang='lat' dir='ltr'>haec</span> <span class='ocrx_word' id='word_1_242' title='bbox 1469 2747 1600 2813; x_wconf 86' lang='lat' dir='ltr'>pars</span> <span class='ocrx_word' id='word_1_243' title='bbox 1639 2722 1723 2786; x_wconf 88' lang='lat' dir='ltr'>est</span> <span class='ocrx_word' id='word_1_244' title='bbox 1754 2776 1772 2803; x_wconf 82' lang='grc'>,</span> <span class='ocrx_word' id='word_1_245' title='bbox 1810 2728 1873 2785; x_wconf 88' lang='lat' dir='ltr'>in</span> <span class='ocrx_word' id='word_1_246' title='bbox 1910 2746 2031 2813; x_wconf 88' lang='lat' dir='ltr'>qua</span> 
     </span>
     <span class='ocr_line' id='line_1_29' title="bbox 292 2812 2028 2911; baseline -0.009 -20"><span class='ocrx_word' id='word_1_247' title='bbox 292 2827 506 2894; x_wconf 70' lang='lat' dir='ltr'>sumus</span> <span class='ocrx_word' id='word_1_248' title='bbox 526 2882 544 2911; x_wconf 83' lang='lat'>,</span> <span class='ocrx_word' id='word_1_249' title='bbox 568 2848 634 2891; x_wconf 91' lang='lat' dir='ltr'>ut</span> <span class='ocrx_word' id='word_1_250' title='bbox 676 2837 733 2890; x_wconf 65' lang='grc' dir='ltr'>ὃς</span> <span class='ocrx_word' id='word_1_251' title='bbox 761 2820 1115 2888; x_wconf 81' lang='lat' dir='ltr'>immensam</span> <span class='ocrx_word' id='word_1_252' title='bbox 1144 2819 1403 2911; x_wconf 84' lang='lat' dir='ltr'>segetem</span> <span class='ocrx_word' id='word_1_253' title='bbox 1434 2815 1611 2881; x_wconf 86' lang='lat' dir='ltr'>nobis</span> <span class='ocrx_word' id='word_1_254' title='bbox 1643 2813 1725 2878; x_wconf 75' lang='lat' dir='ltr'>iili</span> <span class='ocrx_word' id='word_1_255' title='bbox 1772 2812 2028 2904; x_wconf 80' lang='lat' dir='ltr'>relique-</span> 
     </span>
     <span class='ocr_line' id='line_1_30' title="bbox 315 2903 2028 3002; baseline -0.009 -21"><span class='ocrx_word' id='word_1_256' title='bbox 315 2927 434 2985; x_wconf 88' lang='lat' dir='ltr'>rint</span> <span class='ocrx_word' id='word_1_257' title='bbox 478 2952 492 2986; x_wconf 85' lang='lat'><strong>:</strong></span> <span class='ocrx_word' id='word_1_258' title='bbox 538 2943 651 2984; x_wconf 89' lang='lat' dir='ltr'>nec</span> <span class='ocrx_word' id='word_1_259' title='bbox 698 2916 816 2982; x_wconf 87' lang='lat' dir='ltr'>ulla</span> <span class='ocrx_word' id='word_1_260' title='bbox 853 2921 916 2980; x_wconf 89' lang='lat' dir='ltr'>in</span> <span class='ocrx_word' id='word_1_261' title='bbox 962 2909 1267 3002; x_wconf 81' lang='lat' dir='ltr'>disciplina</span> <span class='ocrx_word' id='word_1_262' title='bbox 1316 2915 1585 3001; x_wconf 81' lang='lat' dir='ltr'>graviora</span> <span class='ocrx_word' id='word_1_263' title='bbox 1628 2906 1740 2971; x_wconf 81' lang='lat' dir='ltr'>sint</span> <span class='ocrx_word' id='word_1_264' title='bbox 1782 2903 2028 2970; x_wconf 75' lang='lat' dir='ltr'>admissa</span> 
     </span>
    </p>
   </div>
   <div class='ocr_carea' id='block_1_2' title="bbox 312 2992 2036 3104">
    <p class='ocr_par' dir='ltr' id='par_1_2' title="bbox 312 2992 2036 3104">
     <span class='ocr_line' id='line_1_31' title="bbox 312 2992 2036 3104; baseline -0.011 -26"><span class='ocrx_word' id='word_1_265' title='bbox 312 3012 612 3098; x_wconf 57' lang='grc' dir='ltr'>σφαίλμριπι</span> <span class='ocrx_word' id='word_1_266' title='bbox 639 3065 659 3096; x_wconf 86' lang='grc'>,</span> <span class='ocrx_word' id='word_1_267' title='bbox 690 3032 876 3104; x_wconf 86' lang='lat' dir='ltr'>quam</span> <span class='ocrx_word' id='word_1_268' title='bbox 900 3004 1020 3076; x_wconf 76' lang='lat' dir='ltr'>sint</span> <span class='ocrx_word' id='word_1_269' title='bbox 1047 3011 1112 3072; x_wconf 87' lang='lat' dir='ltr'>in</span> <span class='ocrx_word' id='word_1_270' title='bbox 1135 3002 1249 3071; x_wconf 81' lang='lat' dir='ltr'>hac</span> <span class='ocrx_word' id='word_1_271' title='bbox 1272 3024 1440 3096; x_wconf 83' lang='lat' dir='ltr'>parte</span> <span class='ocrx_word' id='word_1_272' title='bbox 1451 3056 1472 3096; x_wconf 14' lang='lat' dir='ltr'>,q</span> <span class='ocrx_word' id='word_1_273' title='bbox 1492 3005 1675 3066; x_wconf 83' lang='lat' dir='ltr'>etiam</span> <span class='ocrx_word' id='word_1_274' title='bbox 1707 2992 1870 3084; x_wconf 81' lang='lat' dir='ltr'>abiis</span> <span class='ocrx_word' id='word_1_275' title='bbox 1889 3000 2036 3087; x_wconf 81' lang='lat' dir='ltr'>,qui</span> 
     </span>
    </p>
   </div>
  </div>
 </body>
</html>
