2228 3428
735 196 1065 251 NUMMI
1124 197 1539 266 ANTIQUI

435 268 663 324 Hero'i'd.
696 270 840 357 Episp
881 289 993 325 xvi
1016 295 1051 327 1.
1102 272 1338 325 Leander
1377 265 1606 325 Heroni.-

544 349 734 396 Mz'ttz't
757 353 813 398 A
833 337 1024 415 ἀ’σηῑω,
1053 367 1200 418 quam
1236 350 1406 399 mallet
1425 348 1588 416 ferre,
1626 349 1858 417 salutem,

612 423 671 472 St
713 365 871 473 cadayzt
898 429 975 473 im
1005 435 1186 489 maris,
1215 427 1344 493 Sella
1375 425 1587 489 Puella,
1612 401 1728 478 Jtz'bz',

351 506 396 550 A
413 505 447 549 B
462 506 505 550 Υ
524 504 571 549 Δ
588 506 636 550 H
657 509 702 551 N
721 507 770 552 Ω
787 511 846 553 Ν.
887 499 1062 549 Severi
1092 516 1330 549 nummus
1358 500 1496 571 apud
1525 499 1748 551 Tristm.
1778 513 1902 551 tom.
1924 522 1986 554 Π.

426 588 548 644 pag.
583 593 700 625 102.
728 573 778 621 in
808 590 916 639 quo
946 574 1161 624 Severus
1190 570 1277 622 sub
1321 570 1489 625 forma
1521 572 1775 645 Serapidis
1807 574 1986 625 adum-

429 645 633 697 bratur:
672 646 762 696 sub
792 645 1010 699 Osiridis
1033 686 1048 707 ,
1089 646 1192 698 sive
1228 646 1360 699 Solis
1386 691 1399 713 ,
1432 648 1707 700 Caracalla.
1735 646 1864 698 filius
1899 651 1985 700 Se-

429 721 550 771 veri.
614 718 877 774 Referunt
905 720 1046 770 hunc
1085 739 1352 772 nummum
1382 724 1678 793 Antiquarii
1708 738 1886 773 omnes
1922 720 1990 773 ad

426 794 682 864 Abydum
724 796 950 868 AEgypti
971 838 985 861 ,
1017 796 1273 867 Serapidis
1306 800 1460 848 icone
1489 798 1777 863 admoniti,
1805 798 1893 866 qui
1924 814 1989 848 eo

432 869 743 941 plerumque
768 873 933 922 transtu
966 867 1173 923 colitur.
1203 869 1375 924 Plinio
1398 915 1409 937 ,
1440 870 1530 924 lib.
1565 890 1613 924 v.
1650 870 1764 926 seer.
1803 889 1885 922 XI.
1916 870 1990 922 est

427 942 658 1015 Abydus:
723 945 1005 996 Ammiano
1033 988 1047 1010 ‚
1085 941 1172 997 lib.
1206 964 1238 996 x
1260 967 1271 999 1
1295 964 1345 997 x.
1374 963 1491 1018 pag.
1520 967 1618 1019 ¹50·
1656 946 1900 1014 Oppidum
1933 947 1993 1013 esz‘

428 1016 664 1095 Abydum
687 1025 737 1070 in
759 1016 1035 1072 Thebaidis
1054 1033 1204 1087 parte
1215 1020 1362 1093 fitam
1388 1035 1600 1072 extrema
1616 1065 1630 1087 ,
1647 1028 1763 1074 ·&C.
1789 1023 1990 1072 Verum

423 1111 492 1145 ne
521 1092 599 1143 his
623 1093 980 1161 assentiamur,
1015 1094 1265 1167 prohibet
1295 1096 1431 1147 idem
1456 1099 1656 1167 Serapis
1691 1094 1990 1150 Perinthio-

423 1186 535 1219 rum
570 1179 790 1241 quoque
817 1188 1034 1221 nummo
1052 1213 1068 1236 „
1095 1170 1146 1219 in
1179 1169 1369 1221 eodem
1398 1169 1507 1222 fere
1526 1186 1773 1222 terrarum
1802 1172 1985 1235 trastu,

424 1260 723 1314 quanquam
754 1244 1002 1317 opposito
1020 1243 1172 1295 litore
1190 1289 1204 1311 ,
1222 1242 1311 1295 sub
1335 1247 1520 1296 eodem
1541 1247 1781 1316 Principe
1797 1247 1990 1297 Severo

421 1316 736 1387 insculptus:
768 1318 931 1370 veluti
961 1319 1103 1369 hunc
1137 1318 1229 1369 fibi
1260 1322 1475 1372 Severus
1502 1322 1681 1373 Deum
1718 1316 1993 1371 Praefidern

424 1389 657 1464 elegisset
684 1436 698 1459 ,
742 1393 886 1464 cujus
927 1392 1072 1443 illum
1104 1395 1346 1464 privatim
1381 1395 1582 1444 numini
1610 1393 1865 1444 devotum
1886 1436 1900 1459 ,
1933 1409 1994 1443 ac

425 1467 602 1518 tutelae
651 1469 906 1518 creditum
937 1510 952 1533 ,
997 1469 1238 1519 civitates
1271 1484 1451 1518 omnes
1486 1463 1842 1539 agnoscerent.
1907 1469 1991 1518 Sic

426 1538 800 1614 Vespasianum
830 1544 962 1613 Imp.
996 1544 1048 1591 in
1075 1543 1253 1614 primis
1281 1537 1493 1592 coluiffe
1526 1541 1854 1613 Serapidem,
1881 1543 1994 1592 Ta-

424 1618 557 1666 citus
586 1621 639 1668 &
658 1616 998 1687 Tranquillus
1018 1630 1241 1667 narrant.
1262 1621 1444 1692 Qiare
1472 1619 1671 1666 nummi
1691 1618 1864 1669 Severi
1886 1613 1990 1687 pass

423 1689 512 1741 sim
543 1690 803 1763 inscripti,
838 1692 937 1744 IO
961 1694 1056 1745 VI
1104 1691 1210 1742 IM
1234 1691 1710 1745 PERATORI
1735 1734 1748 1752 ,
1789 1691 1993 1744 IOVI

424 1766 1192 1821 CONSERVATORI
1230 1806 1246 1828 ‚
1300 1767 1510 1820 IOVI
1579 1765 1990 1820 PROPVG-

420 1842 481 1895 N
500 1842 616 1896 AT
637 1844 688 1894 O
709 1843 818 1895 RI.
849 1841 936 1892 Est
966 1843 1104 1892 enim
1129 1842 1330 1912 Serapis
1359 1841 1496 1890 idem
1526 1841 1905 1913 quiJuppiter,
1939 1846 1995 1894 δε

422 1915 532 1968 501.
567 1915 729 1986 Apud
756 1913 1057 1969 Reinefium
1087 1928 1234 1965 vetus
1257 1913 1519 1985 inscriptio
1537 1956 1551 1978 ,
1576 1930 1696 1986 pag.
1729 1934 1837 1983 243.
1862 1925 1990 1971 ΔΗ.

420 2000 663 2046 ΗΛΙΩ.
704 2000 870 2046 ΜΕΓ
895 1999 1091 2046 ΑΛΩ.
1135 1996 1582 2048 ΣΑΡΑΠΙΔΙ
1608 2033 1622 2055 ,
1653 1996 1754 2043 sce.
1783 1991 1850 2041 Et
1874 1989 1992 2042 sane

421 2082 722 2136 quanquam
757 2066 995 2137 proprius
1025 2070 1079 2117 ὃς
1118 2063 1390 2137 peculiaris
1413 2065 1809 2137 4AEgyptiorum
1846 2067 1994 2119 Deus

420 2141 621 2211 Serapis
652 2138 785 2205 fuit,
817 2139 1152 2190 nihilominus
1195 2144 1249 2192 ὃ(
1291 2141 1344 2188 in
1394 2139 1600 2191 Graecia
1643 2137 1820 2190 multis
1864 2139 1996 2189 locis

423 2214 597 2264 cultus
622 2214 696 2265 est
717 2255 730 2277 ,
759 2227 817 2262 ut
849 2212 1072 2264 Athenis
1100 2254 1115 2278 ,
1157 2210 1287 2261 teste
1317 2210 1562 2263 Pausania
1588 2235 1599 2263 :
1628 2218 1680 2264 δε
1719 2216 1907 2265 Romae
1935 2216 1990 2263 in

426 2288 591 2341 Circo
623 2287 876 2341 Flaminio
906 2325 924 2347 ,
960 2284 1112 2339 Urbis
1154 2286 1366 2357 regione
1396 2301 1536 2336 nona
1567 2328 1581 2352 ,
1621 2299 1677 2336 ut
1712 2287 1773 2339 P.
1812 2288 1997 2341 Vistor

424 2360 602 2415 docet.
1134 2374 1137 2375 ’

277 2445 1083 2498 ΑΒΩΝΟΤΕΙΧΕΙΤΩΝ.
1124 2443 1498 2491 ΓΛΥΚΩΝ.
1533 2435 1799 2487 Nummus
1828 2439 1996 2491 Anto-

422 2513 654 2579 niniPii,
684 2529 713 2563 e
736 2511 964 2565 Cimelio
992 2509 1400 2563 Christianiffimi
1432 2511 1612 2581 Regis.
1634 2508 1795 2583 Apud
1817 2513 1996 2564 Oeco-

421 2604 542 2640 nem
562 2630 576 2653 ,
607 2604 723 2660 pag.
756 2592 885 2657 269.
910 2597 949 2641 Γ
970 2596 1016 2641 Λ
1036 2597 1136 2641 ΑΥ
1153 2596 1194 2641 Κ
1214 2596 1264 2641 Ω
1281 2599 1327 2642 Ν
1350 2629 1364 2651 ,
1386 2583 1533 2635 male·
1564 2586 1784 2657 Serpens
1819 2587 1869 2637 in
1896 2601 1993 2656 gy-

420 2679 532 2714 rum
575 2660 741 2713 flexus
768 2703 782 2729 ,
830 2659 1117 2734 AEsculapii
1142 2705 1156 2728 ,
1200 2657 1521 2732 Glyconisve
1555 2672 1747 2729 typm,
1793 2662 1995 2711 nummi

417 2752 591 2789 aream
610 2733 831 2788 obtinet.
856 2737 1030 2808 Prope
1062 2733 1296 2787 Cimolin
1314 2777 1328 2800 ‚
1348 2736 1722 2803 Armenenque
1742 2773 1757 2797 ,
1785 2732 1850 2785 de
1877 2736 1993 2803 qui-

421 2808 515 2863 bus
544 2811 738 2865 Plinius
767 2809 854 2861 lib.
880 2828 912 2861 v
931 2830 967 2863 1.
1004 2809 1120 2864 se&
1148 2829 1165 2864 1
1183 2830 1220 2863 1.
1252 2810 1395 2859 vicus
1428 2806 1527 2858 fuit
1551 2805 1693 2859 haud
1722 2805 1989 2879 ignobiliS,

422 2886 570 2955 quod
592 2884 798 2941 Ἀξῶνου
819 2884 963 2958 τεῖχος
985 2883 1159 2938 Aboni
1193 2888 1366 2935 moenia
1389 2879 1705 2934 Ptolemaeus
1728 2881 1961 2954 appellat
1976 2926 1991 2949 ‚

420 2957 511 3011 lib.
542 2979 591 3017 v,
615 2977 725 3034 cap.
757 2983 776 3016 1
796 2978 845 3013 v.
873 2953 1195 3031 Stephanus:
1227 2957 1417 3014 ’Aedis
1455 2955 1736 3032 πῖχρς...ἇ
1768 2961 1989 3022 malms,

411 3032 820 3114 &Agave-mxima.
855 3035 919 3092 In
940 3032 1320 3109 Paphlagonia.
1368 3034 1460 3090 De
1497 3030 1906 3099 Afbonitichitiffi
1933 3034 1987 3084 &
