<?xml version="1.0" encoding="UTF-8"?>
<!DOCTYPE html PUBLIC "-//W3C//DTD XHTML 1.0 Transitional//EN"
    "http://www.w3.org/TR/xhtml1/DTD/xhtml1-transitional.dtd">
<html xmlns="http://www.w3.org/1999/xhtml" xml:lang="en" lang="en">
 <head>
  <title>
</title>
<meta http-equiv="Content-Type" content="text/html;charset=utf-8" />
  <meta name='ocr-system' content='tesseract 3.04.00' />
  <meta name='ocr-capabilities' content='ocr_page ocr_carea ocr_par ocr_line ocrx_word'/>
</head>
<body>
  <div class='ocr_page' id='page_1' title='image "./joannisharduinis00hard_0582.png"; bbox 0 0 2228 3428; ppageno 0'>
   <div class='ocr_carea' id='block_1_1' title="bbox 300 226 2028 643">
    <p class='ocr_par' dir='ltr' id='par_1_1' title="bbox 300 226 2028 501">
     <span class='ocr_line' id='line_1_1' title="bbox 300 226 2027 345; baseline -0.008 -14"><span class='ocrx_word' id='word_1_1' title='bbox 300 226 410 333; x_wconf 47' lang='lat' dir='ltr'>§gn</span> <span class='ocrx_word' id='word_1_2' title='bbox 435 275 618 327; x_wconf 80' lang='lat' dir='ltr'>diversi</span> <span class='ocrx_word' id='word_1_3' title='bbox 646 270 877 345; x_wconf 60' lang='lat' dir='ltr'>genem,</span> <span class='ocrx_word' id='word_1_4' title='bbox 910 282 998 322; x_wconf 83' lang='lat' dir='ltr'>aut</span> <span class='ocrx_word' id='word_1_5' title='bbox 1021 270 1206 341; x_wconf 84' lang='lat' dir='ltr'>pretii,</span> <span class='ocrx_word' id='word_1_6' title='bbox 1237 267 1548 342; x_wconf 84' lang='lat' dir='ltr'>ponderisve</span> <span class='ocrx_word' id='word_1_7' title='bbox 1582 275 1813 330; x_wconf 59' lang='lat' dir='ltr'>nummi:</span> <span class='ocrx_word' id='word_1_8' title='bbox 1847 276 1931 329; x_wconf 67' lang='lat' dir='ltr'>sed</span> <span class='ocrx_word' id='word_1_9' title='bbox 1961 274 2027 330; x_wconf 65' lang='lat' dir='ltr'>ab</span> 
     </span>
     <span class='ocr_line' id='line_1_2' title="bbox 302 344 2028 420; baseline -0.002 -14"><span class='ocrx_word' id='word_1_10' title='bbox 302 353 465 406; x_wconf 79' lang='lat' dir='ltr'>incilis</span> <span class='ocrx_word' id='word_1_11' title='bbox 495 352 544 398; x_wconf 88' lang='lat' dir='ltr'>in</span> <span class='ocrx_word' id='word_1_12' title='bbox 581 347 723 398; x_wconf 72' lang='lat' dir='ltr'>serra:</span> <span class='ocrx_word' id='word_1_13' title='bbox 757 344 970 395; x_wconf 87' lang='lat' dir='ltr'>modum</span> <span class='ocrx_word' id='word_1_14' title='bbox 1004 346 1202 395; x_wconf 85' lang='lat' dir='ltr'>nummi</span> <span class='ocrx_word' id='word_1_15' title='bbox 1239 344 1558 420; x_wconf 77' lang='lat' dir='ltr'>marginibus</span> <span class='ocrx_word' id='word_1_16' title='bbox 1588 388 1602 410; x_wconf 90' lang='lat'>,</span> <span class='ocrx_word' id='word_1_17' title='bbox 1625 347 1804 416; x_wconf 71' lang='lat' dir='ltr'>firrati</span> <span class='ocrx_word' id='word_1_18' title='bbox 1835 352 2028 403; x_wconf 79' lang='lat' dir='ltr'>denarii</span> 
     </span>
     <span class='ocr_line' id='line_1_3' title="bbox 302 419 2020 501; baseline -0.002 -26"><span class='ocrx_word' id='word_1_19' title='bbox 302 424 565 501; x_wconf 72' lang='lat' dir='ltr'>appellati.</span> <span class='ocrx_word' id='word_1_20' title='bbox 619 421 720 474; x_wconf 68' lang='lat' dir='ltr'>Sed</span> <span class='ocrx_word' id='word_1_21' title='bbox 759 425 809 472; x_wconf 69' lang='grc' dir='ltr'>ὅ(</span> <span class='ocrx_word' id='word_1_22' title='bbox 848 419 1027 492; x_wconf 82' lang='lat' dir='ltr'>postea</span> <span class='ocrx_word' id='word_1_23' title='bbox 1074 434 1258 491; x_wconf 79' lang='lat' dir='ltr'>praeter</span> <span class='ocrx_word' id='word_1_24' title='bbox 1300 419 1440 494; x_wconf 76' lang='lat' dir='ltr'>bigas</span> <span class='ocrx_word' id='word_1_25' title='bbox 1482 421 1896 493; x_wconf 76' lang='lat' dir='ltr'>quadrigasque,</span> <span class='ocrx_word' id='word_1_26' title='bbox 1927 430 2020 477; x_wconf 88' lang='lat' dir='ltr'>im-</span> 
     </span>
    </p>

    <p class='ocr_par' dir='ltr' id='par_1_2' title="bbox 300 494 2024 643">
     <span class='ocr_line' id='line_1_4' title="bbox 343 494 2024 569; baseline -0.002 -18"><span class='ocrx_word' id='word_1_27' title='bbox 343 499 474 553; x_wconf 59' lang='lat' dir='ltr'>reliae</span> <span class='ocrx_word' id='word_1_28' title='bbox 502 497 611 547; x_wconf 83' lang='lat' dir='ltr'>sunt</span> <span class='ocrx_word' id='word_1_29' title='bbox 637 502 688 548; x_wconf 63' lang='grc' dir='ltr'>ὃς</span> <span class='ocrx_word' id='word_1_30' title='bbox 711 494 989 547; x_wconf 72' lang='lat' dir='ltr'>Castorum</span> <span class='ocrx_word' id='word_1_31' title='bbox 1015 496 1066 543; x_wconf 89' lang='lat' dir='ltr'>in</span> <span class='ocrx_word' id='word_1_32' title='bbox 1096 498 1320 546; x_wconf 87' lang='lat' dir='ltr'>nummis</span> <span class='ocrx_word' id='word_1_33' title='bbox 1345 499 1597 569; x_wconf 79' lang='lat' dir='ltr'>imagines</span> <span class='ocrx_word' id='word_1_34' title='bbox 1616 539 1630 562; x_wconf 84' lang='lat'>‚</span> <span class='ocrx_word' id='word_1_35' title='bbox 1656 514 1778 548; x_wconf 86' lang='lat' dir='ltr'>mox</span> <span class='ocrx_word' id='word_1_36' title='bbox 1802 502 1856 552; x_wconf 64' lang='grc' dir='ltr'>ὃ(</span> <span class='ocrx_word' id='word_1_37' title='bbox 1884 498 2024 553; x_wconf 75' lang='lat' dir='ltr'>fami.</span> 
     </span>
     <span class='ocr_line' id='line_1_5' title="bbox 300 521 1018 643; baseline -0.007 -15"><span class='ocrx_word' id='word_1_38' title='bbox 300 521 480 628; x_wconf 60' lang='lat' dir='ltr'>linum</span> <span class='ocrx_word' id='word_1_39' title='bbox 509 569 725 643; x_wconf 73' lang='lat' dir='ltr'>inlignia</span> <span class='ocrx_word' id='word_1_40' title='bbox 751 614 765 637; x_wconf 75' lang='lat'>‚</span> <span class='ocrx_word' id='word_1_41' title='bbox 798 570 1018 643; x_wconf 73' lang='lat' dir='ltr'>aliaque.</span> 
     </span>
    </p>
   </div>
   <div class='ocr_carea' id='block_1_2' title="bbox 588 685 1754 763">
    <p class='ocr_par' dir='ltr' id='par_1_3' title="bbox 588 685 1754 763">
     <span class='ocr_line' id='line_1_6' title="bbox 588 685 1754 763; baseline 0.002 -22"><span class='ocrx_word' id='word_1_42' title='bbox 588 694 728 741; x_wconf 73' lang='lat' dir='ltr'>Mox</span> <span class='ocrx_word' id='word_1_43' title='bbox 759 686 861 761; x_wconf 76' lang='lat' dir='ltr'>lege</span> <span class='ocrx_word' id='word_1_44' title='bbox 890 694 1111 759; x_wconf 70' lang='lat' dir='ltr'>Papiria</span> <span class='ocrx_word' id='word_1_45' title='bbox 1130 685 1447 763; x_wconf 69' lang='lat' dir='ltr'>fimunciales</span> <span class='ocrx_word' id='word_1_46' title='bbox 1470 686 1587 760; x_wconf 74' lang='lat' dir='ltr'>affi’s</span> <span class='ocrx_word' id='word_1_47' title='bbox 1600 685 1754 754; x_wconf 54' lang='lat' dir='ltr'>fac‘z‘c&#39;.</span> 
     </span>
    </p>
   </div>
   <div class='ocr_carea' id='block_1_3' title="bbox 298 794 2028 1231">
    <p class='ocr_par' dir='ltr' id='par_1_4' title="bbox 298 794 2028 1231">
     <span class='ocr_line' id='line_1_7' title="bbox 375 794 2028 875; baseline 0 -23"><span class='ocrx_word' id='word_1_48' title='bbox 375 798 654 875; x_wconf 85' lang='lat' dir='ltr'>Dupondii</span> <span class='ocrx_word' id='word_1_49' title='bbox 686 799 843 870; x_wconf 76' lang='lat' dir='ltr'>igitur</span> <span class='ocrx_word' id='word_1_50' title='bbox 868 796 1012 848; x_wconf 89' lang='lat' dir='ltr'>fuere</span> <span class='ocrx_word' id='word_1_51' title='bbox 1041 794 1305 849; x_wconf 77' lang='lat' dir='ltr'>unciales:</span> <span class='ocrx_word' id='word_1_52' title='bbox 1337 810 1435 847; x_wconf 87' lang='lat' dir='ltr'>nec</span> <span class='ocrx_word' id='word_1_53' title='bbox 1469 795 1690 849; x_wconf 85' lang='lat' dir='ltr'>leviores</span> <span class='ocrx_word' id='word_1_54' title='bbox 1720 798 1751 847; x_wconf 88' lang='lat' dir='ltr'>ii</span> <span class='ocrx_word' id='word_1_55' title='bbox 1783 840 1796 863; x_wconf 89' lang='lat'>,</span> <span class='ocrx_word' id='word_1_56' title='bbox 1841 795 2028 853; x_wconf 80' lang='lat' dir='ltr'>assesve</span> 
     </span>
     <span class='ocr_line' id='line_1_8' title="bbox 298 871 2027 946; baseline -0.002 -16"><span class='ocrx_word' id='word_1_57' title='bbox 298 877 442 930; x_wconf 89' lang='lat' dir='ltr'>fuere</span> <span class='ocrx_word' id='word_1_58' title='bbox 475 920 488 943; x_wconf 88' lang='lat'>,</span> <span class='ocrx_word' id='word_1_59' title='bbox 528 871 684 944; x_wconf 80' lang='lat' dir='ltr'>usque</span> <span class='ocrx_word' id='word_1_60' title='bbox 712 873 780 924; x_wconf 80' lang='lat' dir='ltr'>ad</span> <span class='ocrx_word' id='word_1_61' title='bbox 820 871 968 926; x_wconf 80' lang='lat' dir='ltr'>Plinii</span> <span class='ocrx_word' id='word_1_62' title='bbox 1000 888 1251 946; x_wconf 83' lang='lat' dir='ltr'>tempora.</span> <span class='ocrx_word' id='word_1_63' title='bbox 1313 871 1445 945; x_wconf 78' lang='lat' dir='ltr'>Qus</span> <span class='ocrx_word' id='word_1_64' title='bbox 1489 889 1649 945; x_wconf 85' lang='lat' dir='ltr'>porro</span> <span class='ocrx_word' id='word_1_65' title='bbox 1679 871 1767 923; x_wconf 81' lang='lat' dir='ltr'>iste</span> <span class='ocrx_word' id='word_1_66' title='bbox 1796 873 2027 946; x_wconf 82' lang='lat' dir='ltr'>Papirius</span> 
     </span>
     <span class='ocr_line' id='line_1_9' title="bbox 300 943 2026 1021; baseline -0.002 -17"><span class='ocrx_word' id='word_1_67' title='bbox 300 951 487 1017; x_wconf 78' lang='lat' dir='ltr'>fuerit,</span> <span class='ocrx_word' id='word_1_68' title='bbox 520 949 784 1003; x_wconf 78' lang='lat' dir='ltr'>Tribunus</span> <span class='ocrx_word' id='word_1_69' title='bbox 832 946 1026 1019; x_wconf 78' lang='lat' dir='ltr'>plebis,</span> <span class='ocrx_word' id='word_1_70' title='bbox 1055 950 1144 1019; x_wconf 85' lang='lat' dir='ltr'>qui</span> <span class='ocrx_word' id='word_1_71' title='bbox 1176 946 1344 1019; x_wconf 78' lang='lat' dir='ltr'>legem</span> <span class='ocrx_word' id='word_1_72' title='bbox 1385 943 1591 1014; x_wconf 80' lang='lat' dir='ltr'>tulerit,</span> <span class='ocrx_word' id='word_1_73' title='bbox 1622 949 2026 1021; x_wconf 81' lang='lat' dir='ltr'>incompertum.</span> 
     </span>
     <span class='ocr_line' id='line_1_10' title="bbox 300 1022 2028 1098; baseline -0.001 -22"><span class='ocrx_word' id='word_1_74' title='bbox 300 1026 389 1080; x_wconf 85' lang='lat' dir='ltr'>Ad</span> <span class='ocrx_word' id='word_1_75' title='bbox 421 1026 679 1098; x_wconf 71' lang='lat' dir='ltr'>Papirium</span> <span class='ocrx_word' id='word_1_76' title='bbox 712 1023 981 1090; x_wconf 64' lang='lat' dir='ltr'>Trinium,</span> <span class='ocrx_word' id='word_1_77' title='bbox 1015 1025 1102 1094; x_wconf 84' lang='lat' dir='ltr'>qui</span> <span class='ocrx_word' id='word_1_78' title='bbox 1138 1023 1494 1074; x_wconf 80' lang='lat' dir='ltr'>Tribunatum</span> <span class='ocrx_word' id='word_1_79' title='bbox 1526 1022 1672 1093; x_wconf 75' lang='lat' dir='ltr'>geffit</span> <span class='ocrx_word' id='word_1_80' title='bbox 1703 1039 1841 1074; x_wconf 83' lang='lat' dir='ltr'>anno</span> <span class='ocrx_word' id='word_1_81' title='bbox 1870 1022 2028 1075; x_wconf 78' lang='lat' dir='ltr'>Urbis</span> 
     </span>
     <span class='ocr_line' id='line_1_11' title="bbox 302 1094 2027 1172; baseline -0.004 -16"><span class='ocrx_word' id='word_1_82' title='bbox 302 1121 340 1157; x_wconf 88' lang='lat' dir='ltr'>D</span> <span class='ocrx_word' id='word_1_83' title='bbox 361 1119 391 1154; x_wconf 84' lang='lat' dir='ltr'>L</span> <span class='ocrx_word' id='word_1_84' title='bbox 414 1119 504 1154; x_wconf 82' lang='lat' dir='ltr'>XX</span> <span class='ocrx_word' id='word_1_85' title='bbox 526 1119 559 1155; x_wconf 81' lang='lat' dir='ltr'><strong>v</strong></span> <span class='ocrx_word' id='word_1_86' title='bbox 580 1118 615 1154; x_wconf 85' lang='lat'>1.</span> <span class='ocrx_word' id='word_1_87' title='bbox 660 1095 856 1150; x_wconf 83' lang='lat' dir='ltr'>referre</span> <span class='ocrx_word' id='word_1_88' title='bbox 885 1097 1102 1172; x_wconf 78' lang='lat' dir='ltr'>Pighius</span> <span class='ocrx_word' id='word_1_89' title='bbox 1134 1094 1336 1149; x_wconf 86' lang='lat' dir='ltr'>videtur</span> <span class='ocrx_word' id='word_1_90' title='bbox 1363 1141 1377 1164; x_wconf 76' lang='lat'>‚</span> <span class='ocrx_word' id='word_1_91' title='bbox 1409 1098 1462 1148; x_wconf 87' lang='lat' dir='ltr'>in</span> <span class='ocrx_word' id='word_1_92' title='bbox 1509 1096 1698 1152; x_wconf 81' lang='lat' dir='ltr'>Annal.</span> <span class='ocrx_word' id='word_1_93' title='bbox 1734 1098 1801 1148; x_wconf 78' lang='lat' dir='ltr'>ad</span> <span class='ocrx_word' id='word_1_94' title='bbox 1833 1114 2027 1150; x_wconf 83' lang='lat' dir='ltr'>annum</span> 
     </span>
     <span class='ocr_line' id='line_1_12' title="bbox 301 1192 550 1231; baseline -0.012 0"><span class='ocrx_word' id='word_1_95' title='bbox 301 1195 340 1231; x_wconf 89' lang='lat' dir='ltr'>D</span> <span class='ocrx_word' id='word_1_96' title='bbox 361 1194 391 1230; x_wconf 83' lang='lat' dir='ltr'>L</span> <span class='ocrx_word' id='word_1_97' title='bbox 407 1194 440 1227; x_wconf 99' lang='grc' dir='ltr'>Χ</span> <span class='ocrx_word' id='word_1_98' title='bbox 454 1194 486 1226; x_wconf 91' lang='grc' dir='ltr'>Χ</span> <span class='ocrx_word' id='word_1_99' title='bbox 501 1192 550 1228; x_wconf 87' lang='lat' dir='ltr'>v.</span> 
     </span>
    </p>
   </div>
   <div class='ocr_carea' id='block_1_4' title="bbox 372 1289 1971 1443">
    <p class='ocr_par' dir='ltr' id='par_1_5' title="bbox 372 1289 1971 1443">
     <span class='ocr_line' id='line_1_13' title="bbox 372 1289 1971 1369; baseline 0.001 -25"><span class='ocrx_word' id='word_1_100' title='bbox 372 1296 563 1348; x_wconf 74' lang='lat' dir='ltr'>Livius</span> <span class='ocrx_word' id='word_1_101' title='bbox 591 1293 786 1369; x_wconf 69' lang='lat' dir='ltr'>Drusas</span> <span class='ocrx_word' id='word_1_102' title='bbox 812 1299 861 1344; x_wconf 81' lang='lat' dir='ltr'>in</span> <span class='ocrx_word' id='word_1_103' title='bbox 895 1291 1181 1350; x_wconf 74' lang='lat' dir='ltr'>Tribunatu</span> <span class='ocrx_word' id='word_1_104' title='bbox 1204 1289 1358 1360; x_wconf 59' lang='lat' dir='ltr'>plebtzr</span> <span class='ocrx_word' id='word_1_105' title='bbox 1391 1289 1625 1342; x_wconf 66' lang='lat' dir='ltr'>oflavam</span> <span class='ocrx_word' id='word_1_106' title='bbox 1641 1301 1839 1358; x_wconf 79' lang='lat' dir='ltr'>partem</span> <span class='ocrx_word' id='word_1_107' title='bbox 1869 1297 1971 1345; x_wconf 58' lang='lat' dir='ltr'>aerlssr</span> 
     </span>
     <span class='ocr_line' id='line_1_14' title="bbox 946 1368 1380 1443; baseline 0 -24"><span class='ocrx_word' id='word_1_108' title='bbox 946 1382 1150 1443; x_wconf 74' lang='lat' dir='ltr'>argento</span> <span class='ocrx_word' id='word_1_109' title='bbox 1181 1368 1380 1442; x_wconf 73' lang='lat' dir='ltr'>miscuit.</span> 
     </span>
    </p>
   </div>
   <div class='ocr_carea' id='block_1_5' title="bbox 305 1473 2031 2441">
    <p class='ocr_par' dir='ltr' id='par_1_6' title="bbox 305 1473 2031 2441">
     <span class='ocr_line' id='line_1_15' title="bbox 376 1473 2028 1549; baseline -0.002 -20"><span class='ocrx_word' id='word_1_110' title='bbox 376 1477 538 1529; x_wconf 87' lang='lat' dir='ltr'>Anno</span> <span class='ocrx_word' id='word_1_111' title='bbox 564 1474 677 1549; x_wconf 84' lang='lat' dir='ltr'>post</span> <span class='ocrx_word' id='word_1_112' title='bbox 706 1475 904 1529; x_wconf 81' lang='lat' dir='ltr'>Urbem</span> <span class='ocrx_word' id='word_1_113' title='bbox 931 1476 1201 1530; x_wconf 84' lang='lat' dir='ltr'>conditam</span> <span class='ocrx_word' id='word_1_114' title='bbox 1226 1495 1262 1532; x_wconf 86' lang='lat' dir='ltr'>D</span> <span class='ocrx_word' id='word_1_115' title='bbox 1280 1496 1312 1531; x_wconf 89' lang='lat' dir='ltr'>c</span> <span class='ocrx_word' id='word_1_116' title='bbox 1329 1496 1358 1530; x_wconf 87' lang='lat' dir='ltr'>L</span> <span class='ocrx_word' id='word_1_117' title='bbox 1375 1493 1446 1533; x_wconf 81' lang='lat' dir='ltr'>x1</span> <span class='ocrx_word' id='word_1_118' title='bbox 1465 1493 1540 1529; x_wconf 85' lang='lat'>11.</span> <span class='ocrx_word' id='word_1_119' title='bbox 1585 1475 1644 1527; x_wconf 89' lang='lat' dir='ltr'>L.</span> <span class='ocrx_word' id='word_1_120' title='bbox 1673 1473 1880 1526; x_wconf 82' lang='lat' dir='ltr'>Marcio</span> <span class='ocrx_word' id='word_1_121' title='bbox 1902 1473 2028 1529; x_wconf 81' lang='lat' dir='ltr'>Phi-</span> 
     </span>
     <span class='ocr_line' id='line_1_16' title="bbox 305 1548 2028 1626; baseline -0.001 -22"><span class='ocrx_word' id='word_1_122' title='bbox 305 1552 484 1626; x_wconf 78' lang='lat' dir='ltr'>lippo,</span> <span class='ocrx_word' id='word_1_123' title='bbox 518 1555 630 1605; x_wconf 80' lang='lat' dir='ltr'>Sex,</span> <span class='ocrx_word' id='word_1_124' title='bbox 656 1550 794 1624; x_wconf 83' lang='lat' dir='ltr'>Julio</span> <span class='ocrx_word' id='word_1_125' title='bbox 840 1549 985 1605; x_wconf 84' lang='lat' dir='ltr'>Coff.</span> <span class='ocrx_word' id='word_1_126' title='bbox 1017 1552 1369 1606; x_wconf 82' lang='lat' dir='ltr'>Tribunatum</span> <span class='ocrx_word' id='word_1_127' title='bbox 1406 1548 1568 1622; x_wconf 87' lang='lat' dir='ltr'>plebis</span> <span class='ocrx_word' id='word_1_128' title='bbox 1612 1549 1759 1622; x_wconf 82' lang='lat' dir='ltr'>geffit</span> <span class='ocrx_word' id='word_1_129' title='bbox 1801 1548 2028 1604; x_wconf 84' lang='lat' dir='ltr'>Drusus:</span> 
     </span>
     <span class='ocr_line' id='line_1_17' title="bbox 306 1623 2027 1698; baseline -0.006 -18"><span class='ocrx_word' id='word_1_130' title='bbox 306 1626 482 1680; x_wconf 86' lang='lat' dir='ltr'>medio</span> <span class='ocrx_word' id='word_1_131' title='bbox 496 1630 658 1679; x_wconf 87' lang='lat' dir='ltr'>ferme</span> <span class='ocrx_word' id='word_1_132' title='bbox 687 1628 936 1698; x_wconf 85' lang='lat' dir='ltr'>temporis</span> <span class='ocrx_word' id='word_1_133' title='bbox 964 1628 1239 1679; x_wconf 87' lang='lat' dir='ltr'>intervallo</span> <span class='ocrx_word' id='word_1_134' title='bbox 1267 1625 1413 1696; x_wconf 87' lang='lat' dir='ltr'>quod</span> <span class='ocrx_word' id='word_1_135' title='bbox 1434 1623 2027 1676; x_wconf 73' lang='lat' dir='ltr'>intercessitsextumin..</span> 
     </span>
     <span class='ocr_line' id='line_1_18' title="bbox 307 1695 2028 1772; baseline -0.002 -19"><span class='ocrx_word' id='word_1_136' title='bbox 307 1715 386 1754; x_wconf 87' lang='lat' dir='ltr'>ter</span> <span class='ocrx_word' id='word_1_137' title='bbox 424 1705 477 1753; x_wconf 87' lang='lat'>&amp;</span> <span class='ocrx_word' id='word_1_138' title='bbox 502 1701 777 1772; x_wconf 82' lang='lat' dir='ltr'>septimum</span> <span class='ocrx_word' id='word_1_139' title='bbox 815 1700 970 1752; x_wconf 82' lang='lat' dir='ltr'>Marii</span> <span class='ocrx_word' id='word_1_140' title='bbox 1007 1695 1384 1763; x_wconf 79' lang='lat' dir='ltr'>Consulatum,</span> <span class='ocrx_word' id='word_1_141' title='bbox 1421 1714 1451 1748; x_wconf 81' lang='lat' dir='ltr'>a</span> <span class='ocrx_word' id='word_1_142' title='bbox 1493 1715 1601 1769; x_wconf 92' lang='lat' dir='ltr'>quo</span> <span class='ocrx_word' id='word_1_143' title='bbox 1634 1715 1700 1749; x_wconf 83' lang='lat' dir='ltr'>aes</span> <span class='ocrx_word' id='word_1_144' title='bbox 1732 1699 2028 1769; x_wconf 83' lang='lat' dir='ltr'>optimum,</span> 
     </span>
     <span class='ocr_line' id='line_1_19' title="bbox 309 1770 2028 1847; baseline -0.006 -20"><span class='ocrx_word' id='word_1_145' title='bbox 309 1775 455 1847; x_wconf 90' lang='lat' dir='ltr'>quod</span> <span class='ocrx_word' id='word_1_146' title='bbox 481 1788 702 1847; x_wconf 78' lang='lat' dir='ltr'>argento</span> <span class='ocrx_word' id='word_1_147' title='bbox 740 1770 940 1828; x_wconf 82' lang='lat' dir='ltr'>Drusus</span> <span class='ocrx_word' id='word_1_148' title='bbox 974 1772 1249 1826; x_wconf 87' lang='lat' dir='ltr'>immiscuit</span> <span class='ocrx_word' id='word_1_149' title='bbox 1271 1816 1286 1840; x_wconf 85' lang='lat'>,</span> <span class='ocrx_word' id='word_1_150' title='bbox 1311 1774 1533 1826; x_wconf 82' lang='lat' dir='ltr'>Mariani</span> <span class='ocrx_word' id='word_1_151' title='bbox 1566 1774 1677 1822; x_wconf 82' lang='lat' dir='ltr'>aeris</span> <span class='ocrx_word' id='word_1_152' title='bbox 1705 1788 1897 1821; x_wconf 88' lang='lat' dir='ltr'>nomen</span> <span class='ocrx_word' id='word_1_153' title='bbox 1939 1788 2028 1823; x_wconf 85' lang='lat' dir='ltr'>ac-</span> 
     </span>
     <span class='ocr_line' id='line_1_20' title="bbox 310 1841 2028 1922; baseline -0.003 -21"><span class='ocrx_word' id='word_1_154' title='bbox 310 1854 480 1922; x_wconf 81' lang='lat' dir='ltr'>cepit,</span> <span class='ocrx_word' id='word_1_155' title='bbox 504 1863 560 1901; x_wconf 90' lang='lat' dir='ltr'>ut</span> <span class='ocrx_word' id='word_1_156' title='bbox 596 1849 777 1900; x_wconf 50' lang='lat' dir='ltr'>diciuri</span> <span class='ocrx_word' id='word_1_157' title='bbox 809 1849 975 1898; x_wconf 87' lang='lat' dir='ltr'>sumus</span> <span class='ocrx_word' id='word_1_158' title='bbox 1002 1849 1069 1899; x_wconf 85' lang='lat' dir='ltr'>ad</span> <span class='ocrx_word' id='word_1_159' title='bbox 1099 1847 1289 1900; x_wconf 88' lang='lat' dir='ltr'>librum</span> <span class='ocrx_word' id='word_1_160' title='bbox 1319 1845 1471 1899; x_wconf 88' lang='lat' dir='ltr'>Plinii</span> <span class='ocrx_word' id='word_1_161' title='bbox 1501 1862 1631 1896; x_wconf 87' lang='lat' dir='ltr'>xxx</span> <span class='ocrx_word' id='word_1_162' title='bbox 1651 1866 1665 1897; x_wconf 86' lang='lat'>1</span> <span class='ocrx_word' id='word_1_163' title='bbox 1686 1864 1735 1900; x_wconf 80' lang='lat' dir='ltr'>v,</span> <span class='ocrx_word' id='word_1_164' title='bbox 1778 1841 1894 1899; x_wconf 68' lang='lat' dir='ltr'>seec.</span> <span class='ocrx_word' id='word_1_165' title='bbox 1939 1865 1956 1900; x_wconf 89' lang='lat'>1</span> <span class='ocrx_word' id='word_1_166' title='bbox 1984 1866 2028 1899; x_wconf 85' lang='lat'>1.</span> 
     </span>
     <span class='ocr_line' id='line_1_21' title="bbox 308 1917 2028 1996; baseline -0.005 -21"><span class='ocrx_word' id='word_1_167' title='bbox 308 1932 493 1980; x_wconf 80' lang='lat' dir='ltr'>Mixto</span> <span class='ocrx_word' id='word_1_168' title='bbox 523 1939 727 1996; x_wconf 73' lang='lat' dir='ltr'>argento</span> <span class='ocrx_word' id='word_1_169' title='bbox 745 1920 879 1986; x_wconf 65' lang='lat' dir='ltr'>faffl&#39;</span> <span class='ocrx_word' id='word_1_170' title='bbox 903 1928 1084 1973; x_wconf 77' lang='lat' dir='ltr'>nummi</span> <span class='ocrx_word' id='word_1_171' title='bbox 1114 1923 1167 1974; x_wconf 87' lang='lat' dir='ltr'>hi</span> <span class='ocrx_word' id='word_1_172' title='bbox 1193 1917 1504 1972; x_wconf 82' lang='lat' dir='ltr'>dicebantur</span> <span class='ocrx_word' id='word_1_173' title='bbox 1527 1963 1541 1985; x_wconf 82' lang='lat'>,</span> <span class='ocrx_word' id='word_1_174' title='bbox 1583 1919 1732 1990; x_wconf 84' lang='lat' dir='ltr'>quod</span> <span class='ocrx_word' id='word_1_175' title='bbox 1766 1936 1898 1991; x_wconf 88' lang='lat' dir='ltr'>puro</span> <span class='ocrx_word' id='word_1_176' title='bbox 1933 1938 2028 1994; x_wconf 85' lang='lat' dir='ltr'>pu-</span> 
     </span>
     <span class='ocr_line' id='line_1_22' title="bbox 308 1992 2027 2072; baseline 0 -22"><span class='ocrx_word' id='word_1_177' title='bbox 308 2013 473 2072; x_wconf 86' lang='lat' dir='ltr'>toque</span> <span class='ocrx_word' id='word_1_178' title='bbox 501 1999 802 2070; x_wconf 84' lang='lat' dir='ltr'>opponitur.</span> <span class='ocrx_word' id='word_1_179' title='bbox 830 1995 968 2051; x_wconf 85' lang='lat' dir='ltr'>Vide</span> <span class='ocrx_word' id='word_1_180' title='bbox 995 1995 1325 2051; x_wconf 86' lang='lat' dir='ltr'>Gothofred.</span> <span class='ocrx_word' id='word_1_181' title='bbox 1354 1997 1405 2046; x_wconf 89' lang='lat' dir='ltr'>in</span> <span class='ocrx_word' id='word_1_182' title='bbox 1427 1992 1569 2047; x_wconf 88' lang='lat' dir='ltr'>Cod.</span> <span class='ocrx_word' id='word_1_183' title='bbox 1594 1993 1806 2047; x_wconf 89' lang='lat' dir='ltr'>Theod.</span> <span class='ocrx_word' id='word_1_184' title='bbox 1833 1993 1923 2049; x_wconf 88' lang='lat' dir='ltr'>lib.</span> <span class='ocrx_word' id='word_1_185' title='bbox 1944 2015 2027 2053; x_wconf 77' lang='lat' dir='ltr'>1x.</span> 
     </span>
     <span class='ocr_line' id='line_1_23' title="bbox 307 2070 2031 2146; baseline -0.002 -20"><span class='ocrx_word' id='word_1_186' title='bbox 307 2076 390 2129; x_wconf 87' lang='lat' dir='ltr'>tit.</span> <span class='ocrx_word' id='word_1_187' title='bbox 420 2092 497 2125; x_wconf 84' lang='lat' dir='ltr'>xx</span> <span class='ocrx_word' id='word_1_188' title='bbox 518 2094 555 2126; x_wconf 91' lang='lat'>1.</span> <span class='ocrx_word' id='word_1_189' title='bbox 586 2072 654 2124; x_wconf 86' lang='lat' dir='ltr'>de</span> <span class='ocrx_word' id='word_1_190' title='bbox 680 2071 806 2124; x_wconf 79' lang='lat' dir='ltr'>falsa</span> <span class='ocrx_word' id='word_1_191' title='bbox 835 2087 1051 2125; x_wconf 86' lang='lat' dir='ltr'>moneta</span> <span class='ocrx_word' id='word_1_192' title='bbox 1069 2116 1083 2138; x_wconf 82' lang='lat'>,</span> <span class='ocrx_word' id='word_1_193' title='bbox 1110 2089 1229 2146; x_wconf 78' lang='lat' dir='ltr'>pag.</span> <span class='ocrx_word' id='word_1_194' title='bbox 1270 2090 1381 2142; x_wconf 87' lang='lat'><em>177.</em></span> <span class='ocrx_word' id='word_1_195' title='bbox 1415 2070 1498 2122; x_wconf 87' lang='lat' dir='ltr'>Sic</span> <span class='ocrx_word' id='word_1_196' title='bbox 1523 2083 1746 2122; x_wconf 82' lang='lat' dir='ltr'>monetae</span> <span class='ocrx_word' id='word_1_197' title='bbox 1773 2084 2031 2143; x_wconf 78' lang='lat' dir='ltr'>argentea:</span> 
     </span>
     <span class='ocr_line' id='line_1_24' title="bbox 307 2143 2030 2219; baseline -0.003 -19"><span class='ocrx_word' id='word_1_198' title='bbox 307 2150 534 2200; x_wconf 83' lang='lat' dir='ltr'>minimae</span> <span class='ocrx_word' id='word_1_199' title='bbox 551 2191 565 2214; x_wconf 86' lang='lat'>,</span> <span class='ocrx_word' id='word_1_200' title='bbox 598 2165 713 2219; x_wconf 82' lang='lat' dir='ltr'>quae</span> <span class='ocrx_word' id='word_1_201' title='bbox 738 2164 878 2199; x_wconf 84' lang='lat' dir='ltr'>nunc</span> <span class='ocrx_word' id='word_1_202' title='bbox 905 2160 1141 2199; x_wconf 83' lang='lat' dir='ltr'>teruntur</span> <span class='ocrx_word' id='word_1_203' title='bbox 1160 2145 1299 2219; x_wconf 79' lang='lat' dir='ltr'>apud</span> <span class='ocrx_word' id='word_1_204' title='bbox 1323 2162 1420 2195; x_wconf 87' lang='lat' dir='ltr'>nos</span> <span class='ocrx_word' id='word_1_205' title='bbox 1442 2187 1457 2210; x_wconf 87' lang='lat'>,</span> <span class='ocrx_word' id='word_1_206' title='bbox 1477 2143 1897 2215; x_wconf 80' lang='lat' dir='ltr'>aestiinanturque</span> <span class='ocrx_word' id='word_1_207' title='bbox 1918 2145 2030 2198; x_wconf 62' lang='lat' dir='ltr'>affi-</span> 
     </span>
     <span class='ocr_line' id='line_1_25' title="bbox 309 2218 2028 2292; baseline -0.001 -18"><span class='ocrx_word' id='word_1_208' title='bbox 309 2219 403 2275; x_wconf 89' lang='lat' dir='ltr'>bus</span> <span class='ocrx_word' id='word_1_209' title='bbox 425 2225 566 2276; x_wconf 82' lang='lat' dir='ltr'>aereis</span> <span class='ocrx_word' id='word_1_210' title='bbox 595 2224 759 2274; x_wconf 86' lang='lat' dir='ltr'>tribus</span> <span class='ocrx_word' id='word_1_211' title='bbox 792 2239 910 2273; x_wconf 89' lang='lat' dir='ltr'>cum</span> <span class='ocrx_word' id='word_1_212' title='bbox 939 2220 1134 2274; x_wconf 86' lang='lat' dir='ltr'>semisse</span> <span class='ocrx_word' id='word_1_213' title='bbox 1162 2265 1177 2289; x_wconf 84' lang='lat'>,</span> <span class='ocrx_word' id='word_1_214' title='bbox 1205 2223 1444 2273; x_wconf 55' lang='lat' dir='ltr'>octavam</span> <span class='ocrx_word' id='word_1_215' title='bbox 1470 2218 1665 2271; x_wconf 80' lang='lat' dir='ltr'>habent</span> <span class='ocrx_word' id='word_1_216' title='bbox 1690 2220 1800 2270; x_wconf 86' lang='lat' dir='ltr'>aeris</span> <span class='ocrx_word' id='word_1_217' title='bbox 1829 2233 2028 2292; x_wconf 79' lang='lat' dir='ltr'>partem</span> 
     </span>
     <span class='ocr_line' id='line_1_26' title="bbox 306 2290 2029 2370; baseline -0.004 -20"><span class='ocrx_word' id='word_1_218' title='bbox 306 2296 610 2351; x_wconf 77' lang='lat' dir='ltr'>admixtam.</span> <span class='ocrx_word' id='word_1_219' title='bbox 649 2298 782 2350; x_wconf 53' lang='lat' dir='ltr'>Acta</span> <span class='ocrx_word' id='word_1_220' title='bbox 812 2314 972 2370; x_wconf 87' lang='lat' dir='ltr'>porro</span> <span class='ocrx_word' id='word_1_221' title='bbox 999 2296 1162 2351; x_wconf 79' lang='lat' dir='ltr'>Drusi</span> <span class='ocrx_word' id='word_1_222' title='bbox 1187 2313 1290 2347; x_wconf 89' lang='lat' dir='ltr'>uno</span> <span class='ocrx_word' id='word_1_223' title='bbox 1320 2290 1776 2347; x_wconf 81' lang='lat' dir='ltr'>Senatusconsulto</span> <span class='ocrx_word' id='word_1_224' title='bbox 1804 2294 2029 2370; x_wconf 75' lang='lat' dir='ltr'>abroga-</span> 
     </span>
     <span class='ocr_line' id='line_1_27' title="bbox 310 2367 1547 2441; baseline -0.002 -15"><span class='ocrx_word' id='word_1_225' title='bbox 310 2388 362 2426; x_wconf 77' lang='lat' dir='ltr'>ta</span> <span class='ocrx_word' id='word_1_226' title='bbox 386 2372 484 2426; x_wconf 81' lang='lat' dir='ltr'>effe</span> <span class='ocrx_word' id='word_1_227' title='bbox 509 2372 713 2427; x_wconf 89' lang='lat' dir='ltr'>Tullius</span> <span class='ocrx_word' id='word_1_228' title='bbox 737 2370 925 2438; x_wconf 85' lang='lat' dir='ltr'>docet,</span> <span class='ocrx_word' id='word_1_229' title='bbox 958 2370 1048 2426; x_wconf 91' lang='lat' dir='ltr'>lib.</span> <span class='ocrx_word' id='word_1_230' title='bbox 1089 2393 1108 2426; x_wconf 89' lang='lat'>1</span> <span class='ocrx_word' id='word_1_231' title='bbox 1134 2392 1180 2427; x_wconf 87' lang='lat'>1.</span> <span class='ocrx_word' id='word_1_232' title='bbox 1211 2369 1277 2422; x_wconf 88' lang='lat' dir='ltr'>de</span> <span class='ocrx_word' id='word_1_233' title='bbox 1302 2367 1547 2441; x_wconf 82' lang='lat' dir='ltr'>Legibus.</span> 
     </span>
    </p>
   </div>
   <div class='ocr_carea' id='block_1_6' title="bbox 346 2482 1995 2562">
    <p class='ocr_par' dir='ltr' id='par_1_7' title="bbox 346 2482 1995 2562">
     <span class='ocr_line' id='line_1_28' title="bbox 346 2482 1995 2562; baseline 0 -22"><span class='ocrx_word' id='word_1_234' title='bbox 346 2493 455 2562; x_wconf 80' lang='lat' dir='ltr'>Qz‘</span> <span class='ocrx_word' id='word_1_235' title='bbox 485 2507 605 2544; x_wconf 84' lang='lat' dir='ltr'>nunc</span> <span class='ocrx_word' id='word_1_236' title='bbox 640 2490 950 2545; x_wconf 54' lang='lat' dir='ltr'>Vestorium</span> <span class='ocrx_word' id='word_1_237' title='bbox 980 2489 1290 2559; x_wconf 82' lang='lat' dir='ltr'>appellatur,</span> <span class='ocrx_word' id='word_1_238' title='bbox 1315 2485 1416 2561; x_wconf 82' lang='lat' dir='ltr'>lege</span> <span class='ocrx_word' id='word_1_239' title='bbox 1449 2482 1629 2539; x_wconf 76' lang='lat' dir='ltr'>Clodia</span> <span class='ocrx_word' id='word_1_240' title='bbox 1651 2482 1888 2557; x_wconf 77' lang='lat' dir='ltr'>percuffics</span> <span class='ocrx_word' id='word_1_241' title='bbox 1921 2487 1995 2555; x_wconf 72' lang='lat' dir='ltr'>est.</span> 
     </span>
    </p>
   </div>
   <div class='ocr_carea' id='block_1_7' title="bbox 312 2590 2031 3041">
    <p class='ocr_par' dir='ltr' id='par_1_8' title="bbox 312 2590 2031 3041">
     <span class='ocr_line' id='line_1_29' title="bbox 383 2590 2029 2669; baseline -0.005 -19"><span class='ocrx_word' id='word_1_242' title='bbox 383 2599 433 2650; x_wconf 87' lang='lat' dir='ltr'>Is</span> <span class='ocrx_word' id='word_1_243' title='bbox 465 2596 538 2650; x_wconf 86' lang='lat' dir='ltr'>est</span> <span class='ocrx_word' id='word_1_244' title='bbox 569 2597 790 2650; x_wconf 85' lang='lat' dir='ltr'>Clodius</span> <span class='ocrx_word' id='word_1_245' title='bbox 817 2595 1046 2653; x_wconf 83' lang='lat' dir='ltr'>Pulcher</span> <span class='ocrx_word' id='word_1_246' title='bbox 1066 2641 1081 2665; x_wconf 79' lang='lat'>,</span> <span class='ocrx_word' id='word_1_247' title='bbox 1112 2598 1203 2668; x_wconf 87' lang='lat' dir='ltr'>qui</span> <span class='ocrx_word' id='word_1_248' title='bbox 1226 2614 1253 2647; x_wconf 85' lang='lat' dir='ltr'>a</span> <span class='ocrx_word' id='word_1_249' title='bbox 1279 2595 1502 2669; x_wconf 77' lang='lat' dir='ltr'>patriciis</span> <span class='ocrx_word' id='word_1_250' title='bbox 1534 2590 1811 2660; x_wconf 71' lang='lat' dir='ltr'>transsatus</span> <span class='ocrx_word' id='word_1_251' title='bbox 1830 2592 1897 2644; x_wconf 87' lang='lat' dir='ltr'>ad</span> <span class='ocrx_word' id='word_1_252' title='bbox 1917 2592 2029 2666; x_wconf 64' lang='lat' dir='ltr'>ple„</span> 
     </span>
     <span class='ocr_line' id='line_1_30' title="bbox 313 2665 2031 2745; baseline -0.005 -21"><span class='ocrx_word' id='word_1_253' title='bbox 313 2670 462 2726; x_wconf 86' lang='lat' dir='ltr'>be&#39;i&#39;os</span> <span class='ocrx_word' id='word_1_254' title='bbox 478 2717 492 2740; x_wconf 83' lang='lat'>,</span> <span class='ocrx_word' id='word_1_255' title='bbox 522 2672 790 2743; x_wconf 56' lang='lat' dir='ltr'>faciasque</span> <span class='ocrx_word' id='word_1_256' title='bbox 805 2670 1075 2724; x_wconf 88' lang='lat' dir='ltr'>Tribunus</span> <span class='ocrx_word' id='word_1_257' title='bbox 1096 2670 1265 2745; x_wconf 86' lang='lat' dir='ltr'>plebis</span> <span class='ocrx_word' id='word_1_258' title='bbox 1283 2714 1297 2738; x_wconf 85' lang='lat'>,</span> <span class='ocrx_word' id='word_1_259' title='bbox 1327 2672 1646 2726; x_wconf 84' lang='lat' dir='ltr'>Ciceronem</span> <span class='ocrx_word' id='word_1_260' title='bbox 1676 2665 1916 2721; x_wconf 84' lang='lat' dir='ltr'>multavit</span> <span class='ocrx_word' id='word_1_261' title='bbox 1941 2686 2031 2724; x_wconf 66' lang='lat' dir='ltr'>ex,</span> 
     </span>
     <span class='ocr_line' id='line_1_31' title="bbox 313 2742 2028 2813; baseline -0.006 -12"><span class='ocrx_word' id='word_1_262' title='bbox 313 2748 423 2801; x_wconf 87' lang='lat' dir='ltr'>filio</span> <span class='ocrx_word' id='word_1_263' title='bbox 441 2791 454 2813; x_wconf 83' lang='lat'>,</span> <span class='ocrx_word' id='word_1_264' title='bbox 482 2765 622 2799; x_wconf 84' lang='lat' dir='ltr'>anno</span> <span class='ocrx_word' id='word_1_265' title='bbox 640 2747 797 2802; x_wconf 86' lang='lat' dir='ltr'>Urbis</span> <span class='ocrx_word' id='word_1_266' title='bbox 827 2748 1054 2799; x_wconf 71' lang='lat' dir='ltr'>condita:</span> <span class='ocrx_word' id='word_1_267' title='bbox 1075 2766 1114 2802; x_wconf 85' lang='lat' dir='ltr'>D</span> <span class='ocrx_word' id='word_1_268' title='bbox 1133 2763 1160 2797; x_wconf 93' lang='lat' dir='ltr'>c</span> <span class='ocrx_word' id='word_1_269' title='bbox 1177 2765 1210 2798; x_wconf 90' lang='grc' dir='ltr'>Χ</span> <span class='ocrx_word' id='word_1_270' title='bbox 1226 2762 1254 2796; x_wconf 92' lang='lat' dir='ltr'>c</span> <span class='ocrx_word' id='word_1_271' title='bbox 1269 2765 1300 2798; x_wconf 91' lang='lat' dir='ltr'><strong>v</strong></span> <span class='ocrx_word' id='word_1_272' title='bbox 1320 2766 1356 2799; x_wconf 85' lang='lat'>1.</span> <span class='ocrx_word' id='word_1_273' title='bbox 1391 2747 1481 2799; x_wconf 80' lang='lat' dir='ltr'>De</span> <span class='ocrx_word' id='word_1_274' title='bbox 1503 2744 1800 2797; x_wconf 60' lang='lat' dir='ltr'>Victoriato</span> <span class='ocrx_word' id='word_1_275' title='bbox 1815 2785 1829 2807; x_wconf 83' lang='lat'>,</span> <span class='ocrx_word' id='word_1_276' title='bbox 1855 2742 2028 2796; x_wconf 40' lang='lat' dir='ltr'>Volu..</span> 
     </span>
     <span class='ocr_line' id='line_1_32' title="bbox 314 2816 2025 2895; baseline -0.005 -22"><span class='ocrx_word' id='word_1_277' title='bbox 314 2821 409 2874; x_wconf 86' lang='lat' dir='ltr'>fius</span> <span class='ocrx_word' id='word_1_278' title='bbox 431 2823 715 2875; x_wconf 81' lang='lat' dir='ltr'>Maecianus</span> <span class='ocrx_word' id='word_1_279' title='bbox 734 2866 748 2889; x_wconf 84' lang='lat'>,</span> <span class='ocrx_word' id='word_1_280' title='bbox 782 2839 901 2895; x_wconf 79' lang='lat' dir='ltr'>pag.</span> <span class='ocrx_word' id='word_1_281' title='bbox 931 2827 1049 2894; x_wconf 88' lang='lat'><em>877.</em></span> <span class='ocrx_word' id='word_1_282' title='bbox 1090 2822 1398 2876; x_wconf 66' lang='lat' dir='ltr'>Vifz‘oriatus</span> <span class='ocrx_word' id='word_1_283' title='bbox 1437 2835 1562 2870; x_wconf 84' lang='lat' dir='ltr'>nunc</span> <span class='ocrx_word' id='word_1_284' title='bbox 1595 2816 1901 2869; x_wconf 79' lang='lat' dir='ltr'>tantumdem</span> <span class='ocrx_word' id='word_1_285' title='bbox 1924 2835 2025 2870; x_wconf 78' lang='lat' dir='ltr'>va-</span> 
     </span>
     <span class='ocr_line' id='line_1_33' title="bbox 312 2891 2031 2968; baseline -0.004 -18"><span class='ocrx_word' id='word_1_286' title='bbox 312 2895 382 2950; x_wconf 83' lang='lat' dir='ltr'>let</span> <span class='ocrx_word' id='word_1_287' title='bbox 398 2942 411 2965; x_wconf 86' lang='lat'>,</span> <span class='ocrx_word' id='word_1_288' title='bbox 429 2912 674 2968; x_wconf 75' lang='lat' dir='ltr'>quantum</span> <span class='ocrx_word' id='word_1_289' title='bbox 704 2903 967 2968; x_wconf 50' lang='lat' dir='ltr'>quinaria&amp;</span> <span class='ocrx_word' id='word_1_290' title='bbox 993 2897 1109 2948; x_wconf 87' lang='lat' dir='ltr'>olim</span> <span class='ocrx_word' id='word_1_291' title='bbox 1124 2920 1139 2949; x_wconf 91' lang='lat'>.·</span> <span class='ocrx_word' id='word_1_292' title='bbox 1165 2915 1231 2949; x_wconf 71' lang='lat' dir='ltr'>ac</span> <span class='ocrx_word' id='word_1_293' title='bbox 1247 2899 1531 2968; x_wconf 76' lang='lat' dir='ltr'>peregrinus</span> <span class='ocrx_word' id='word_1_294' title='bbox 1549 2910 1767 2944; x_wconf 75' lang='lat' dir='ltr'>nummus</span> <span class='ocrx_word' id='word_1_295' title='bbox 1790 2891 1887 2948; x_wconf 86' lang='lat' dir='ltr'>loco</span> <span class='ocrx_word' id='word_1_296' title='bbox 1916 2912 2031 2947; x_wconf 67' lang='lat' dir='ltr'>mer.u</span> 
     </span>
     <span class='ocr_line' id='line_1_34' title="bbox 317 2963 1826 3041; baseline 0.001 -16"><span class='ocrx_word' id='word_1_297' title='bbox 317 2981 408 3041; x_wconf 72' lang='lat' dir='ltr'>cis,</span> <span class='ocrx_word' id='word_1_298' title='bbox 435 2987 492 3026; x_wconf 75' lang='lat' dir='ltr'>ut</span> <span class='ocrx_word' id='word_1_299' title='bbox 514 2990 635 3028; x_wconf 83' lang='lat' dir='ltr'>nunc</span> <span class='ocrx_word' id='word_1_300' title='bbox 662 2969 1080 3027; x_wconf 70' lang='lat' dir='ltr'>tetradracbmum</span> <span class='ocrx_word' id='word_1_301' title='bbox 1096 3017 1110 3041; x_wconf 83' lang='lat'>,</span> <span class='ocrx_word' id='word_1_302' title='bbox 1136 2972 1197 3037; x_wconf 44' lang='grc' dir='ltr'>ἅμ</span> <span class='ocrx_word' id='word_1_303' title='bbox 1228 2968 1462 3026; x_wconf 72' lang='lat' dir='ltr'>drachma</span> <span class='ocrx_word' id='word_1_304' title='bbox 1478 3009 1496 3033; x_wconf 86' lang='lat'>,</span> <span class='ocrx_word' id='word_1_305' title='bbox 1526 2963 1826 3026; x_wconf 75' lang='lat' dir='ltr'>habebatur.</span> 
     </span>
    </p>
   </div>
  </div>
 </body>
</html>
