2228 3428
316 192 421 262 453

469 253 755 330 epigraphe
774 296 789 319 ,
819 254 873 305 O
894 252 979 307 RI
1002 252 1056 306 G
1075 251 1097 302 I
1115 251 1173 305 N
1189 251 1229 304 Ι.
1273 249 1451 304 A'VG.
1482 177 1680 324 Ossg'ini
1700 255 1924 328 Augusti.
1947 256 2008 311 N
2012 253 2053 307 i-

470 332 543 384 hil
567 332 707 382 enim
736 326 878 380 aliud
902 343 960 379 ea
993 342 1129 377 voce
1156 324 1384 399 signatur
1403 369 1416 392 ,
1450 343 1609 397 quam
1645 330 1844 402 imperii
1873 336 1926 384 δε
1956 334 2054 384 im-

469 406 725 479 peratoris
752 403 1063 476 dignitatem
1088 418 1300 453 omnem
1326 403 1494 473 repeti
1524 418 1555 453 a
1578 403 1815 456 Romulo
1839 403 1977 458 urbis
1997 412 2053 460 &

468 480 996 554 imperiiconditore:
1016 476 1178 550 ipsum
1208 478 1341 529 tanti
1360 475 1564 527 decoris
1581 479 1845 530 auetorem
1868 485 1920 533 &
1948 485 2053 533 ori„

465 559 641 629 ginem
673 554 787 608 effe.
812 555 896 609 Sic
929 555 1277 606 Mamertinus
1305 555 1356 602 in
1385 552 1704 624 Panegyrico.
1724 556 1962 608 oratione
1983 557 2050 608 ad

464 632 847 685 Maximianum
885 628 1064 681 habita
1097 673 1111 696 ‚
1148 630 1240 700 qui
1277 628 1325 680 se
1368 626 1681 680 Herculium
1717 627 2049 700 appellabat,

467 706 765 761 Herculem
783 709 1002 774 a'i't‚cum
1023 721 1138 755 eum
1158 702 1385 777 hospitio
1405 702 1650 756 Evander
1665 705 1889 776 excepit,
1907 702 2050 757 futu-

468 801 536 835 rae
569 779 847 853 majestatis
873 777 1068 832 dedisse
1096 777 1381 852 primordia
1403 821 1415 845 ,
1444 776 1745 850 faetamque
1781 778 1903 830 inde
1933 780 2053 833 Cae-

468 856 633 910 sarum
654 855 871 910 domum
893 902 907 925 ‚
926 874 1040 928 quae
1068 854 1317 909 Herculis
1341 847 1516 906 fuisset
1544 852 1827 926 hospitium
1853 879 1863 907 z
1888 868 2052 926 atque

469 932 613 985 hunc
643 932 854 984 demum
886 934 1021 984 diem
1043 976 1056 996 ‚
1085 933 1175 1003 qui
1212 929 1421 984 Natalis
1456 929 1611 983 Urbis
1635 929 1736 982 fuit
1764 973 1778 997 ,
1824 929 2050 983 eundem

466 1005 616 1061 fuiffe
643 1014 874 1081 originem
887 999 1063 1078 ⁴{oopolt'
1091 1011 1328 1062 Romani,

390 1086 595 1139 SISC.
638 1085 838 1151 Siscia»,
869 1086 1137 1138 &SISR
1176 1083 1262 1135 vel
1309 1082 1576 1137 SISCP.
1642 1080 1809 1153 Slfit'ae
1834 1082 2050 1156 percuffa

465 1164 803 1229 monetasin
840 1159 1175 1213 Constantini
1201 1202 1216 1225 ,
1263 1158 1482 1223 Licinii,
1517 1155 1815 1208 Constantii
1840 1200 1855 1223 ,
1898 1158 2049 1209 Con-

464 1236 640 1289 stantis
658 1282 672 1304 ,
705 1243 758 1290 &
787 1237 1027 1295 Gratiani
1056 1236 1298 1288 nummis,
1322 1234 1441 1285 Fuit
1460 1233 1701 1282 nimirum
1732 1232 1842 1284 haec
1866 1247 1967 1283 una
1983 1250 2048 1285 ex

463 1310 677 1365 urbibus
704 1312 786 1365 sex
808 1357 821 1380 ,
850 1315 899 1363 in
930 1309 1115 1384 quibus
1138 1308 1258 1361 cudi
1279 1322 1496 1361 moneta
1519 1306 1766 1358 inferiore
1793 1325 1905 1360 aevo
1931 1306 2048 1359 soli-

466 1401 520 1438 ta
550 1387 651 1443 est:
673 1403 834 1461 atque
853 1387 986 1439 adeo
1014 1388 1066 1438 in
1097 1386 1316 1441 Notitia
1341 1385 1584 1459 Imperii,
1611 1380 1727 1438 feet.
1764 1401 1909 1439 XL11.
1939 1385 2043 1458 pri-

463 1480 610 1515 mum
635 1467 773 1516 inter
801 1461 911 1514 illas
943 1461 1121 1514 locum
1146 1456 1368 1517 obtinet.

707 1547 1058 1596 Procuratores
1084 1546 1163 1592 M
1167 1550 1333 1592 onetae.

498 1620 806 1669 Procurator
837 1621 911 1666 M
916 1628 1066 1664 onetae
1092 1613 1346 1686 Szsct‘anae.

493 1696 797 1744 Procurator
823 1697 1051 1745 Monetae
1083 1685 1427 1760 Aquilet'enfi'L

490 1772 792 1820 Procurator
812 1773 889 1820 M
894 1779 1040 1816 onetae
1064 1763 1192 1816 urbis
1219 1770 1402 1816 Romae.

490 1848 796 1896 Procurator
821 1849 1053 1894 Moneta
1083 1837 1432 1912 Lugdunenfis,

492 1924 799 1972 Procurator
826 1925 899 1971 M
904 1930 1051 1969 oneta’
1080 1912 1403 1989 Arelatenfis.

485 1999 789 2048 Procurator
820 2000 894 2047 M
901 2006 1050 2042 onetae
1079 1988 1397 2062 Trevirenfis.

458 2068 672 2122 Additae
711 2069 787 2121 his
820 2068 1011 2120 deinde
1049 2063 1577 2137 ConstantinopoliS,
1615 2081 1730 2137 quae
1766 2067 1816 2114 in
1852 2066 2041 2118 veteris

456 2148 646 2199 Romae
668 2146 785 2218 jura
816 2143 1044 2211 transiit,
1067 2160 1131 2195 ac
1164 2141 1336 2194 forsan
1369 2140 1652 2193 Antiochia
1678 2185 1692 2208 ,
1736 2140 2037 2215 Carthag0‚

458 2221 688 2293 Cyzicus
708 2266 722 2287 ,
753 2225 1011 2276 Ravenna
1039 2244 1050 2272 ε
1087 2234 1389 2291 quanquam
1423 2229 1564 2268 notae
1586 2261 1600 2284 ,
1628 2218 1819 2288 quibus
1855 2215 2039 2269 harum

453 2295 662 2348 urbium
688 2297 875 2369 aliquae
895 2293 1080 2368 signari
1095 2295 1339 2346 dicuntur
1364 2294 1415 2343 in
1442 2294 1664 2343 nummis
1681 2336 1694 2357 ,
1727 2289 1956 2344 obscurae
1975 2309 2038 2343 ac

453 2369 626 2424 dubiae
666 2370 798 2425 sunt.
862 2371 1047 2422 Paucis
1086 2385 1229 2422 certe
1267 2367 1593 2434 civitatibus,
1619 2366 1737 2440 post
1768 2365 2038 2421 Aureliani

450 2445 560 2497 fere
603 2462 843 2520 tempora
875 2444 957 2516 jus
996 2444 1248 2497 cudendae
1282 2457 1510 2494 monetae
1553 2440 1884 2507 concessum,
1917 2459 2037 2494 cum

451 2522 589 2594 prius
612 2522 679 2573 ad
702 2537 883 2573 omnes
900 2518 1192 2592 promiscue
1206 2519 1494 2593 pertineret
1513 2561 1525 2582 ‚
1553 2534 1769 2588 quarum
1789 2535 2036 2568 nummos

451 2598 726 2650 trastamus
746 2643 760 2664 ‚
786 2613 893 2648 non
915 2610 1088 2647 tamen
1110 2595 1214 2647 sine
1238 2586 1477 2668 permissu
1501 2594 1757 2665 Principis
1774 2636 1788 2660 ,
1814 2606 1903 2644 aut
1921 2609 2030 2644 cer..

449 2685 501 2723 te
523 2670 875 2726 proconsulis:
907 2672 983 2722 uti
1001 2688 1064 2723 ex
1086 2667 1405 2725 Patrensium
1432 2685 1647 2719 nummo
1669 2667 2032 2741 intelligimus,

447 2744 540 2800 sub
567 2748 834 2821 AugustO,
864 2749 961 2804 IN
984 2749 1037 2801 D
1059 2751 1105 2802 V
1125 2750 1167 2802 L
1186 2747 1240 2800 G
1260 2747 1298 2798 E
1321 2746 1376 2798 N
1395 2746 1445 2796 T
1462 2746 1484 2796 I
1504 2744 1613 2797 ΑΕ.
1659 2744 1841 2798 AVG.
1883 2744 2034 2797 MO-

451 2824 706 2877 NETA
771 2823 1339 2880 IMPETRATA.
1401 2820 1466 2874 Et
1493 2837 1555 2871 ex
1577 2819 1684 2870 aliis
1709 2864 1723 2886 ,
1758 2824 1809 2871 in
1832 2819 2023 2891 quibus

447 2900 902 2955 PERMISSV
959 2898 1404 2964 AVGVSTI,
1457 2900 1509 2949 &
1561 2893 2094 2965 PERMISSV‘

450 2974 1359 3048 DOLABELLAE,1egimus.
1719 3003 1723 3006 <

299 3053 343 3107 Σ
357 3059 379 3104 I
397 3058 438 3104 T
454 3063 498 3107 A
514 3060 561 3109 A
577 3062 600 3107 Ι
617 3065 661 3108 A
681 3064 703 3108 Ι
724 3063 774 3109 Ω
793 3065 855 3108 N.
898 3053 938 3106 E
973 3049 1202 3104 Cimelio
1236 3049 1315 3103 Ill.
1352 3047 1569 3105 Harlaei‚
1605 3048 1767 3103 Forte
1791 3061 1889 3118 pro
1921 3047 2028 3104 Σει-
