<?xml version="1.0" encoding="UTF-8"?>
<!DOCTYPE html PUBLIC "-//W3C//DTD XHTML 1.0 Transitional//EN"
    "http://www.w3.org/TR/xhtml1/DTD/xhtml1-transitional.dtd">
<html xmlns="http://www.w3.org/1999/xhtml" xml:lang="en" lang="en">
 <head>
  <title>
</title>
<meta http-equiv="Content-Type" content="text/html;charset=utf-8" />
  <meta name='ocr-system' content='tesseract 3.04.00' />
  <meta name='ocr-capabilities' content='ocr_page ocr_carea ocr_par ocr_line ocrx_word'/>
</head>
<body>
  <div class='ocr_page' id='page_1' title='image "./joannisharduinis00hard_0599.png"; bbox 0 0 2228 3428; ppageno 0'>
   <div class='ocr_carea' id='block_1_1' title="bbox 214 217 2020 2405">
    <p class='ocr_par' dir='ltr' id='par_1_1' title="bbox 279 217 2020 1420">
     <span class='ocr_line' id='line_1_1' title="bbox 751 217 1930 295; baseline 0.005 -24"><span class='ocrx_word' id='word_1_1' title='bbox 751 217 799 271; x_wconf 89' lang='lat' dir='ltr'>A</span> <span class='ocrx_word' id='word_1_2' title='bbox 835 219 891 274; x_wconf 93' lang='lat' dir='ltr'>D</span> <span class='ocrx_word' id='word_1_3' title='bbox 927 221 984 276; x_wconf 94' lang='lat' dir='ltr'>D</span> <span class='ocrx_word' id='word_1_4' title='bbox 1022 219 1061 273; x_wconf 89' lang='lat' dir='ltr'><strong>E</strong></span> <span class='ocrx_word' id='word_1_5' title='bbox 1099 220 1157 275; x_wconf 92' lang='lat' dir='ltr'>N</span> <span class='ocrx_word' id='word_1_6' title='bbox 1193 219 1249 273; x_wconf 92' lang='lat' dir='ltr'>D</span> <span class='ocrx_word' id='word_1_7' title='bbox 1286 219 1329 273; x_wconf 87' lang='grc' dir='ltr'><strong>Ῐ.</strong></span> <span class='ocrx_word' id='word_1_8' title='bbox 1601 238 1606 239; x_wconf 68' lang='grc'><em>’</em></span> <span class='ocrx_word' id='word_1_9' title='bbox 1832 244 1930 295; x_wconf 72' lang='lat'><strong>571</strong></span> 
     </span>
     <span class='ocr_line' id='line_1_2' title="bbox 281 290 1933 369; baseline 0.001 -23"><span class='ocrx_word' id='word_1_10' title='bbox 281 311 380 346; x_wconf 84' lang='lat' dir='ltr'><strong>nos</strong></span> <span class='ocrx_word' id='word_1_11' title='bbox 401 294 473 348; x_wconf 88' lang='lat' dir='ltr'><strong>ibi</strong></span> <span class='ocrx_word' id='word_1_12' title='bbox 504 294 654 369; x_wconf 87' lang='lat' dir='ltr'><strong>primi</strong></span> <span class='ocrx_word' id='word_1_13' title='bbox 671 295 865 347; x_wconf 66' lang='lat' dir='ltr'><strong>auctori</strong></span> <span class='ocrx_word' id='word_1_14' title='bbox 883 293 970 346; x_wconf 87' lang='lat' dir='ltr'><strong>suo</strong></span> <span class='ocrx_word' id='word_1_15' title='bbox 1000 296 1329 360; x_wconf 85' lang='lat' dir='ltr'><strong>restituimus,</strong></span> <span class='ocrx_word' id='word_1_16' title='bbox 1352 290 1624 346; x_wconf 84' lang='lat' dir='ltr'><strong>admonitu</strong></span> <span class='ocrx_word' id='word_1_17' title='bbox 1645 295 1933 368; x_wconf 79' lang='lat' dir='ltr'>Regiorum</span> 
     </span>
     <span class='ocr_line' id='line_1_3' title="bbox 286 367 1936 444; baseline 0.002 -24"><span class='ocrx_word' id='word_1_18' title='bbox 286 372 531 421; x_wconf 82' lang='lat' dir='ltr'><strong>codicum</strong></span> <span class='ocrx_word' id='word_1_19' title='bbox 555 374 605 423; x_wconf 86' lang='lat'>&amp;</span> <span class='ocrx_word' id='word_1_20' title='bbox 626 367 946 422; x_wconf 86' lang='lat' dir='ltr'><strong>nostrorum:</strong></span> <span class='ocrx_word' id='word_1_21' title='bbox 969 371 1223 442; x_wconf 85' lang='lat' dir='ltr'><strong>quodque</strong></span> <span class='ocrx_word' id='word_1_22' title='bbox 1248 371 1433 421; x_wconf 79' lang='lat' dir='ltr'><strong>certius</strong></span> <span class='ocrx_word' id='word_1_23' title='bbox 1453 368 1525 420; x_wconf 90' lang='lat' dir='ltr'><strong>est</strong></span> <span class='ocrx_word' id='word_1_24' title='bbox 1550 410 1563 436; x_wconf 91' lang='lat'><strong>,</strong></span> <span class='ocrx_word' id='word_1_25' title='bbox 1586 369 1936 444; x_wconf 86' lang='lat' dir='ltr'><strong>adstipulante</strong></span> 
     </span>
     <span class='ocr_line' id='line_1_4' title="bbox 283 442 1937 519; baseline 0.001 -20"><span class='ocrx_word' id='word_1_26' title='bbox 283 442 493 499; x_wconf 88' lang='lat' dir='ltr'><strong>Notitia</strong></span> <span class='ocrx_word' id='word_1_27' title='bbox 515 460 690 498; x_wconf 89' lang='lat' dir='ltr'><strong>vetere</strong></span> <span class='ocrx_word' id='word_1_28' title='bbox 719 444 1129 517; x_wconf 79' lang='lat' dir='ltr'><strong>Episcopatuum</strong></span> <span class='ocrx_word' id='word_1_29' title='bbox 1164 445 1450 497; x_wconf 67' lang='lat' dir='ltr'><strong>Provinciae</strong></span> <span class='ocrx_word' id='word_1_30' title='bbox 1479 444 1685 516; x_wconf 85' lang='lat' dir='ltr'><strong>Lydiae,</strong></span> <span class='ocrx_word' id='word_1_31' title='bbox 1711 448 1760 497; x_wconf 90' lang='lat' dir='ltr'><strong>in</strong></span> <span class='ocrx_word' id='word_1_32' title='bbox 1793 464 1892 519; x_wconf 90' lang='lat' dir='ltr'><strong>qua</strong></span> <span class='ocrx_word' id='word_1_33' title='bbox 1910 446 1937 501; x_wconf 74' lang='grc' dir='ltr'><em>ὅ</em></span> 
     </span>
     <span class='ocr_line' id='line_1_5' title="bbox 279 516 1929 593; baseline -0.001 -16"><span class='ocrx_word' id='word_1_34' title='bbox 279 522 656 591; x_wconf 51' lang='grc' dir='ltr'><strong>Ἑμωκριφιηλίαᾼ</strong></span> <span class='ocrx_word' id='word_1_35' title='bbox 687 516 902 590; x_wconf 73' lang='lat' dir='ltr'><strong>legitur,-</strong></span> <span class='ocrx_word' id='word_1_36' title='bbox 926 535 1041 590; x_wconf 75' lang='lat' dir='ltr'><strong>pag.</strong></span> <span class='ocrx_word' id='word_1_37' title='bbox 1063 539 1144 588; x_wconf 82' lang='lat'><strong>45·</strong></span> <span class='ocrx_word' id='word_1_38' title='bbox 1175 523 1226 571; x_wconf 84' lang='lat'>&amp;</span> <span class='ocrx_word' id='word_1_39' title='bbox 1249 519 1704 589; x_wconf 56' lang='grc' dir='ltr'><strong>ὄεᾉρωκριπηλεὲοκ,</strong></span> <span class='ocrx_word' id='word_1_40' title='bbox 1731 538 1850 593; x_wconf 79' lang='lat' dir='ltr'><strong>pag.</strong></span> <span class='ocrx_word' id='word_1_41' title='bbox 1872 542 1929 591; x_wconf 58' lang='grc' dir='ltr'><strong>ις.</strong></span> 
     </span>
     <span class='ocr_line' id='line_1_6' title="bbox 280 593 1937 664; baseline -0.004 -16"><span class='ocrx_word' id='word_1_42' title='bbox 280 596 562 649; x_wconf 85' lang='lat' dir='ltr'><strong>Parmensis</strong></span> <span class='ocrx_word' id='word_1_43' title='bbox 583 595 744 648; x_wconf 84' lang='lat' dir='ltr'><strong>editio</strong></span> <span class='ocrx_word' id='word_1_44' title='bbox 759 636 773 658; x_wconf 82' lang='lat'>‚</span> <span class='ocrx_word' id='word_1_45' title='bbox 799 609 913 662; x_wconf 85' lang='lat' dir='ltr'><strong>quae</strong></span> <span class='ocrx_word' id='word_1_46' title='bbox 930 593 1261 645; x_wconf 76' lang='lat' dir='ltr'><strong>vetustiffima</strong></span> <span class='ocrx_word' id='word_1_47' title='bbox 1281 638 1293 661; x_wconf 86' lang='lat'><strong>,</strong></span> <span class='ocrx_word' id='word_1_48' title='bbox 1314 595 1766 664; x_wconf 73' lang='lat' dir='ltr'><strong>Hermacopolz&#39;tae:</strong></span> <span class='ocrx_word' id='word_1_49' title='bbox 1791 600 1937 651; x_wconf 76' lang='lat' dir='ltr'><strong>Her-</strong></span> 
     </span>
     <span class='ocr_line' id='line_1_7' title="bbox 281 667 1936 741; baseline 0.002 -19"><span class='ocrx_word' id='word_1_50' title='bbox 281 672 481 724; x_wconf 87' lang='lat' dir='ltr'><strong>molaus</strong></span> <span class='ocrx_word' id='word_1_51' title='bbox 508 670 698 722; x_wconf 88' lang='lat' dir='ltr'><strong>deinde</strong></span> <span class='ocrx_word' id='word_1_52' title='bbox 726 667 976 718; x_wconf 81' lang='lat' dir='ltr'><strong>Barbarus</strong></span> <span class='ocrx_word' id='word_1_53' title='bbox 996 710 1010 733; x_wconf 81' lang='lat'><strong>,</strong></span> <span class='ocrx_word' id='word_1_54' title='bbox 1047 670 1318 741; x_wconf 86' lang='lat' dir='ltr'><strong>ceterique</strong></span> <span class='ocrx_word' id='word_1_55' title='bbox 1348 668 1463 741; x_wconf 87' lang='lat' dir='ltr'><strong>post</strong></span> <span class='ocrx_word' id='word_1_56' title='bbox 1496 686 1614 721; x_wconf 89' lang='lat' dir='ltr'><strong>eum</strong></span> <span class='ocrx_word' id='word_1_57' title='bbox 1646 670 1798 724; x_wconf 81' lang='lat' dir='ltr'>Plinii</span> <span class='ocrx_word' id='word_1_58' title='bbox 1825 675 1936 726; x_wconf 85' lang='lat' dir='ltr'><strong>edi-</strong></span> 
     </span>
     <span class='ocr_line' id='line_1_8' title="bbox 283 739 1938 814; baseline -0.001 -16"><span class='ocrx_word' id='word_1_59' title='bbox 283 760 423 798; x_wconf 84' lang='lat' dir='ltr'>tores</span> <span class='ocrx_word' id='word_1_60' title='bbox 443 791 456 814; x_wconf 86' lang='lat'><strong>,</strong></span> <span class='ocrx_word' id='word_1_61' title='bbox 487 739 926 810; x_wconf 71' lang='lat' dir='ltr'><strong>Harmatopolitae</strong></span> <span class='ocrx_word' id='word_1_62' title='bbox 950 740 1201 796; x_wconf 83' lang='lat' dir='ltr'>exhibent</span> <span class='ocrx_word' id='word_1_63' title='bbox 1232 768 1241 796; x_wconf 91' lang='lat'>:</span> <span class='ocrx_word' id='word_1_64' title='bbox 1272 761 1387 795; x_wconf 89' lang='lat' dir='ltr'><strong>cum</strong></span> <span class='ocrx_word' id='word_1_65' title='bbox 1419 742 1455 795; x_wconf 90' lang='lat' dir='ltr'><strong>fi</strong></span> <span class='ocrx_word' id='word_1_66' title='bbox 1481 759 1544 795; x_wconf 85' lang='lat' dir='ltr'><strong>ex</strong></span> <span class='ocrx_word' id='word_1_67' title='bbox 1568 744 1838 813; x_wconf 55' lang='lat' dir='ltr'><strong>‘Afpmmsq</strong></span> <span class='ocrx_word' id='word_1_68' title='bbox 1878 768 1938 804; x_wconf 79' lang='lat' dir='ltr'><strong>ea</strong></span> 
     </span>
     <span class='ocr_line' id='line_1_9' title="bbox 282 817 2020 892; baseline 0.004 -19"><span class='ocrx_word' id='word_1_69' title='bbox 282 839 387 873; x_wconf 86' lang='lat' dir='ltr'><strong>vox</strong></span> <span class='ocrx_word' id='word_1_70' title='bbox 416 820 584 873; x_wconf 65' lang='lat' dir='ltr'><strong>effista</strong></span> <span class='ocrx_word' id='word_1_71' title='bbox 618 820 742 872; x_wconf 83' lang='lat' dir='ltr'><strong>effet</strong></span> <span class='ocrx_word' id='word_1_72' title='bbox 771 863 784 886; x_wconf 89' lang='lat'><strong>,</strong></span> <span class='ocrx_word' id='word_1_73' title='bbox 815 835 870 871; x_wconf 85' lang='lat' dir='ltr'><strong>ut</strong></span> <span class='ocrx_word' id='word_1_74' title='bbox 897 817 1057 869; x_wconf 88' lang='lat' dir='ltr'><strong>visum</strong></span> <span class='ocrx_word' id='word_1_75' title='bbox 1104 818 1316 871; x_wconf 89' lang='lat' dir='ltr'><strong>Ortelio</strong></span> <span class='ocrx_word' id='word_1_76' title='bbox 1344 862 1358 884; x_wconf 89' lang='lat'><strong>,</strong></span> <span class='ocrx_word' id='word_1_77' title='bbox 1401 828 1938 892; x_wconf 66' lang='lat' dir='ltr'><strong>Harmatuntopolz&#39;taer</strong></span> <span class='ocrx_word' id='word_1_78' title='bbox 2016 848 2020 849; x_wconf 58' lang='grc'><em>’</em></span> 
     </span>
     <span class='ocr_line' id='line_1_10' title="bbox 286 894 1941 969; baseline 0.001 -22"><span class='ocrx_word' id='word_1_79' title='bbox 286 894 390 947; x_wconf 84' lang='lat' dir='ltr'><strong>dici</strong></span> <span class='ocrx_word' id='word_1_80' title='bbox 429 902 718 969; x_wconf 81' lang='lat' dir='ltr'><strong>oporteret.</strong></span> <span class='ocrx_word' id='word_1_81' title='bbox 773 897 1095 969; x_wconf 70' lang='lat' dir='ltr'><strong>Qanquam</strong></span> <span class='ocrx_word' id='word_1_82' title='bbox 1131 911 1293 966; x_wconf 88' lang='lat' dir='ltr'><strong>porro</strong></span> <span class='ocrx_word' id='word_1_83' title='bbox 1333 895 1511 966; x_wconf 85' lang='lat' dir='ltr'><strong>Lydiae</strong></span> <span class='ocrx_word' id='word_1_84' title='bbox 1541 900 1761 952; x_wconf 90' lang='lat' dir='ltr'><strong>Notitia</strong></span> <span class='ocrx_word' id='word_1_85' title='bbox 1796 902 1941 953; x_wconf 85' lang='lat' dir='ltr'><strong>Her-</strong></span> 
     </span>
     <span class='ocr_line' id='line_1_11' title="bbox 283 969 1942 1048; baseline 0.001 -26"><span class='ocrx_word' id='word_1_86' title='bbox 283 971 623 1044; x_wconf 82' lang='lat' dir='ltr'><strong>mocapelitas</strong></span> <span class='ocrx_word' id='word_1_87' title='bbox 640 970 907 1036; x_wconf 80' lang='lat' dir='ltr'><strong>accenset,</strong></span> <span class='ocrx_word' id='word_1_88' title='bbox 928 970 1261 1042; x_wconf 60' lang='lat' dir='ltr'><strong>Pergamenae</strong></span> <span class='ocrx_word' id='word_1_89' title='bbox 1287 983 1459 1022; x_wconf 88' lang='lat' dir='ltr'><strong>tamen</strong></span> <span class='ocrx_word' id='word_1_90' title='bbox 1481 969 1553 1023; x_wconf 87' lang='lat' dir='ltr'><strong>illi</strong></span> <span class='ocrx_word' id='word_1_91' title='bbox 1567 1016 1582 1039; x_wconf 92' lang='lat'><strong>,</strong></span> <span class='ocrx_word' id='word_1_92' title='bbox 1599 987 1659 1025; x_wconf 87' lang='lat' dir='ltr'><strong>ut</strong></span> <span class='ocrx_word' id='word_1_93' title='bbox 1677 978 1731 1025; x_wconf 64' lang='grc' dir='ltr'><strong>ὃς</strong></span> <span class='ocrx_word' id='word_1_94' title='bbox 1755 975 1942 1048; x_wconf 79' lang='lat' dir='ltr'><strong>Thya-</strong></span> 
     </span>
     <span class='ocr_line' id='line_1_12' title="bbox 284 1043 1944 1118; baseline 0.004 -22"><span class='ocrx_word' id='word_1_95' title='bbox 284 1045 823 1118; x_wconf 68' lang='lat' dir='ltr'><strong>tireni,jurisdi&lt;i&#39;tioni</strong></span> <span class='ocrx_word' id='word_1_96' title='bbox 845 1058 1144 1117; x_wconf 79' lang='lat' dir='ltr'><strong>paruerunt.</strong></span> <span class='ocrx_word' id='word_1_97' title='bbox 1187 1043 1350 1097; x_wconf 82' lang='lat' dir='ltr'>Simili</span> <span class='ocrx_word' id='word_1_98' title='bbox 1382 1062 1558 1099; x_wconf 86' lang='lat' dir='ltr'><strong>errore</strong></span> <span class='ocrx_word' id='word_1_99' title='bbox 1594 1048 1944 1104; x_wconf 84' lang='lat' dir='ltr'><strong>Madaurense</strong></span> 
     </span>
     <span class='ocr_line' id='line_1_13' title="bbox 285 1118 1943 1195; baseline 0.002 -21"><span class='ocrx_word' id='word_1_100' title='bbox 285 1122 557 1174; x_wconf 85' lang='lat' dir='ltr'><strong>Numidiae</strong></span> <span class='ocrx_word' id='word_1_101' title='bbox 602 1121 853 1195; x_wconf 90' lang='lat' dir='ltr'><strong>oppidum</strong></span> <span class='ocrx_word' id='word_1_102' title='bbox 898 1121 1035 1171; x_wconf 90' lang='lat' dir='ltr'><strong>idem</strong></span> <span class='ocrx_word' id='word_1_103' title='bbox 1079 1118 1401 1172; x_wconf 82' lang='lat' dir='ltr'><strong>Hermolaus</strong></span> <span class='ocrx_word' id='word_1_104' title='bbox 1431 1165 1445 1188; x_wconf 82' lang='lat'><strong>,</strong></span> <span class='ocrx_word' id='word_1_105' title='bbox 1483 1138 1581 1195; x_wconf 90' lang='lat' dir='ltr'><strong>pro</strong></span> <span class='ocrx_word' id='word_1_106' title='bbox 1618 1125 1909 1177; x_wconf 87' lang='lat' dir='ltr'><strong>Materenfi</strong></span> <span class='ocrx_word' id='word_1_107' title='bbox 1927 1170 1943 1194; x_wconf 89' lang='lat'><strong>,</strong></span> 
     </span>
     <span class='ocr_line' id='line_1_14' title="bbox 287 1193 1944 1272; baseline 0.004 -26"><span class='ocrx_word' id='word_1_108' title='bbox 287 1198 435 1268; x_wconf 86' lang='lat' dir='ltr'><strong>quod</strong></span> <span class='ocrx_word' id='word_1_109' title='bbox 467 1198 752 1269; x_wconf 83' lang='lat' dir='ltr'><strong>Byzacenae</strong></span> <span class='ocrx_word' id='word_1_110' title='bbox 782 1196 1065 1270; x_wconf 84' lang='lat' dir='ltr'><strong>provinciae</strong></span> <span class='ocrx_word' id='word_1_111' title='bbox 1094 1193 1191 1246; x_wconf 88' lang='lat' dir='ltr'><strong>fuit</strong></span> <span class='ocrx_word' id='word_1_112' title='bbox 1209 1240 1223 1262; x_wconf 87' lang='lat'><strong>,</strong></span> <span class='ocrx_word' id='word_1_113' title='bbox 1250 1193 1472 1247; x_wconf 85' lang='lat' dir='ltr'><strong>obtrufit</strong></span> <span class='ocrx_word' id='word_1_114' title='bbox 1495 1221 1505 1249; x_wconf 75' lang='grc' dir='ltr'><strong><em>ε</em></strong></span> <span class='ocrx_word' id='word_1_115' title='bbox 1532 1197 1738 1272; x_wconf 87' lang='lat' dir='ltr'><strong>aliaque</strong></span> <span class='ocrx_word' id='word_1_116' title='bbox 1769 1201 1944 1268; x_wconf 58' lang='grc' dir='ltr'><strong>σ-φῶλ-</strong></span> 
     </span>
     <span class='ocr_line' id='line_1_15' title="bbox 287 1270 1946 1342; baseline 0.004 -20"><span class='ocrx_word' id='word_1_117' title='bbox 287 1294 428 1338; x_wconf 58' lang='grc' dir='ltr'><strong><em>ματα,</em></strong></span> <span class='ocrx_word' id='word_1_118' title='bbox 451 1271 689 1323; x_wconf 79' lang='lat' dir='ltr'><strong>sexcenta</strong></span> <span class='ocrx_word' id='word_1_119' title='bbox 724 1271 956 1340; x_wconf 81' lang='lat' dir='ltr'><strong>admifit,</strong></span> <span class='ocrx_word' id='word_1_120' title='bbox 987 1289 1102 1342; x_wconf 77' lang='lat' dir='ltr'><strong>quae</strong></span> <span class='ocrx_word' id='word_1_121' title='bbox 1131 1272 1184 1322; x_wconf 87' lang='lat' dir='ltr'><strong>in</strong></span> <span class='ocrx_word' id='word_1_122' title='bbox 1217 1270 1462 1325; x_wconf 86' lang='lat' dir='ltr'><strong>Plinianis</strong></span> <span class='ocrx_word' id='word_1_123' title='bbox 1505 1275 1673 1328; x_wconf 88' lang='lat' dir='ltr'><strong>Notis</strong></span> <span class='ocrx_word' id='word_1_124' title='bbox 1713 1277 1946 1329; x_wconf 85' lang='lat' dir='ltr'><strong>censoria</strong></span> 
     </span>
     <span class='ocr_line' id='line_1_16' title="bbox 286 1346 1090 1420; baseline 0.001 -22"><span class='ocrx_word' id='word_1_125' title='bbox 286 1346 733 1400; x_wconf 77' lang='lat' dir='ltr'><strong>animadversione</strong></span> <span class='ocrx_word' id='word_1_126' title='bbox 763 1346 1090 1420; x_wconf 77' lang='lat' dir='ltr'><strong>castigamus,</strong></span> 
     </span>
    </p>

    <p class='ocr_par' dir='ltr' id='par_1_2' title="bbox 214 1427 1949 1719">
     <span class='ocr_line' id='line_1_17' title="bbox 214 1427 1946 1485; baseline -0.001 -3"><span class='ocrx_word' id='word_1_127' title='bbox 214 1432 719 1482; x_wconf 82' lang='grc' dir='ltr'><strong>ΕΡΥΘΡΑῙΩΝ.</strong></span> <span class='ocrx_word' id='word_1_128' title='bbox 758 1433 882 1481; x_wconf 87' lang='grc' dir='ltr'><strong>ΕΠ.</strong></span> <span class='ocrx_word' id='word_1_129' title='bbox 920 1434 1092 1480; x_wconf 86' lang='lat' dir='ltr'><strong>CTP.</strong></span> <span class='ocrx_word' id='word_1_130' title='bbox 1129 1434 1236 1479; x_wconf 89' lang='lat' dir='ltr'><strong>AI.</strong></span> <span class='ocrx_word' id='word_1_131' title='bbox 1273 1434 1715 1485; x_wconf 78' lang='lat' dir='ltr'>ATTAAOT.</span> <span class='ocrx_word' id='word_1_132' title='bbox 1748 1437 1799 1482; x_wconf 87' lang='lat' dir='ltr'><strong>B.</strong></span> <span class='ocrx_word' id='word_1_133' title='bbox 1843 1427 1946 1482; x_wconf 75' lang='lat' dir='ltr'><strong>Sub</strong></span> 
     </span>
     <span class='ocr_line' id='line_1_18' title="bbox 291 1498 1947 1555; baseline 0 -1"><span class='ocrx_word' id='word_1_134' title='bbox 291 1506 510 1554; x_wconf 83' lang='lat' dir='ltr'><strong>Praetore</strong></span> <span class='ocrx_word' id='word_1_135' title='bbox 535 1499 682 1551; x_wconf 82' lang='lat' dir='ltr'><strong>AElz&#39;o</strong></span> <span class='ocrx_word' id='word_1_136' title='bbox 713 1499 909 1553; x_wconf 73' lang='lat' dir='ltr'><strong>Attalo</strong></span> <span class='ocrx_word' id='word_1_137' title='bbox 933 1504 1122 1553; x_wconf 82' lang='lat' dir='ltr'><strong>iterum.</strong></span> <span class='ocrx_word' id='word_1_138' title='bbox 1169 1498 1458 1552; x_wconf 82' lang='lat' dir='ltr'><strong>Alexandri</strong></span> <span class='ocrx_word' id='word_1_139' title='bbox 1495 1504 1672 1555; x_wconf 89' lang='lat' dir='ltr'><strong>Severi</strong></span> <span class='ocrx_word' id='word_1_140' title='bbox 1701 1519 1947 1554; x_wconf 86' lang='lat' dir='ltr'><strong>nummus</strong></span> 
     </span>
     <span class='ocr_line' id='line_1_19' title="bbox 290 1573 1949 1652; baseline 0.004 -26"><span class='ocrx_word' id='word_1_141' title='bbox 290 1576 528 1646; x_wconf 82' lang='lat' dir='ltr'><strong>geminus</strong></span> <span class='ocrx_word' id='word_1_142' title='bbox 555 1591 585 1626; x_wconf 90' lang='lat' dir='ltr'><strong>e</strong></span> <span class='ocrx_word' id='word_1_143' title='bbox 613 1575 766 1627; x_wconf 84' lang='lat' dir='ltr'><strong>Gaza</strong></span> <span class='ocrx_word' id='word_1_144' title='bbox 785 1573 972 1647; x_wconf 82' lang='lat' dir='ltr'><strong>Regia.</strong></span> <span class='ocrx_word' id='word_1_145' title='bbox 1005 1576 1255 1628; x_wconf 88' lang='lat' dir='ltr'><strong>Cererem</strong></span> <span class='ocrx_word' id='word_1_146' title='bbox 1275 1575 1403 1627; x_wconf 85' lang='lat' dir='ltr'><strong>alter</strong></span> <span class='ocrx_word' id='word_1_147' title='bbox 1418 1576 1469 1626; x_wconf 90' lang='lat' dir='ltr'><strong>in</strong></span> <span class='ocrx_word' id='word_1_148' title='bbox 1501 1575 1620 1652; x_wconf 85' lang='lat' dir='ltr'><strong>biga</strong></span> <span class='ocrx_word' id='word_1_149' title='bbox 1638 1579 1949 1648; x_wconf 87' lang='lat' dir='ltr'><strong>draconum,</strong></span> 
     </span>
     <span class='ocr_line' id='line_1_20' title="bbox 287 1646 1318 1719; baseline 0.001 -21"><span class='ocrx_word' id='word_1_150' title='bbox 287 1651 341 1698; x_wconf 89' lang='lat' dir='ltr'><strong>in</strong></span> <span class='ocrx_word' id='word_1_151' title='bbox 371 1646 575 1719; x_wconf 85' lang='lat' dir='ltr'><strong>templo</strong></span> <span class='ocrx_word' id='word_1_152' title='bbox 602 1648 893 1700; x_wconf 83' lang='lat' dir='ltr'><strong>Herculem</strong></span> <span class='ocrx_word' id='word_1_153' title='bbox 921 1646 1057 1699; x_wconf 87' lang='lat' dir='ltr'><strong>alter</strong></span> <span class='ocrx_word' id='word_1_154' title='bbox 1086 1647 1318 1704; x_wconf 79' lang='lat' dir='ltr'><strong>exhibet,</strong></span> 
     </span>
    </p>

    <p class='ocr_par' dir='ltr' id='par_1_3' title="bbox 216 1721 1950 1929">
     <span class='ocr_line' id='line_1_21' title="bbox 216 1721 1950 1798; baseline -0.001 -15"><span class='ocrx_word' id='word_1_155' title='bbox 216 1732 433 1783; x_wconf 81' lang='grc' dir='ltr'>ΕΥΘΗ</span> <span class='ocrx_word' id='word_1_156' title='bbox 451 1737 555 1780; x_wconf 91' lang='lat' dir='ltr'><strong>NA</strong></span> <span class='ocrx_word' id='word_1_157' title='bbox 575 1734 597 1779; x_wconf 95' lang='lat' dir='ltr'>I</span> <span class='ocrx_word' id='word_1_158' title='bbox 617 1734 745 1781; x_wconf 87' lang='grc' dir='ltr'><strong>ΩΝ.</strong></span> <span class='ocrx_word' id='word_1_159' title='bbox 778 1721 964 1795; x_wconf 87' lang='lat' dir='ltr'><strong>Pyrrhi</strong></span> <span class='ocrx_word' id='word_1_160' title='bbox 996 1724 1191 1798; x_wconf 89' lang='lat' dir='ltr'><strong>Ligorii</strong></span> <span class='ocrx_word' id='word_1_161' title='bbox 1233 1741 1478 1777; x_wconf 88' lang='lat' dir='ltr'><strong>nummus</strong></span> <span class='ocrx_word' id='word_1_162' title='bbox 1499 1769 1513 1792; x_wconf 88' lang='lat'><strong>,</strong></span> <span class='ocrx_word' id='word_1_163' title='bbox 1555 1725 1606 1776; x_wconf 88' lang='lat' dir='ltr'><strong>in</strong></span> <span class='ocrx_word' id='word_1_164' title='bbox 1639 1743 1748 1798; x_wconf 93' lang='lat' dir='ltr'><strong>quo</strong></span> <span class='ocrx_word' id='word_1_165' title='bbox 1786 1727 1950 1782; x_wconf 89' lang='lat' dir='ltr'><strong>Ceres</strong></span> 
     </span>
     <span class='ocr_line' id='line_1_22' title="bbox 294 1796 1950 1875; baseline 0.001 -24"><span class='ocrx_word' id='word_1_166' title='bbox 294 1817 413 1851; x_wconf 91' lang='lat' dir='ltr'><strong>cum</strong></span> <span class='ocrx_word' id='word_1_167' title='bbox 437 1798 659 1855; x_wconf 77' lang='lat' dir='ltr'><strong>facibus,</strong></span> <span class='ocrx_word' id='word_1_168' title='bbox 691 1798 779 1853; x_wconf 81' lang='lat' dir='ltr'><strong>Ad</strong></span> <span class='ocrx_word' id='word_1_169' title='bbox 801 1796 1083 1856; x_wconf 88' lang='lat' dir='ltr'><strong>Euthenen</strong></span> <span class='ocrx_word' id='word_1_170' title='bbox 1106 1797 1300 1874; x_wconf 65' lang='lat' dir='ltr'><strong>spectat</strong></span> <span class='ocrx_word' id='word_1_171' title='bbox 1324 1844 1338 1868; x_wconf 93' lang='lat'><strong>,</strong></span> <span class='ocrx_word' id='word_1_172' title='bbox 1369 1803 1434 1854; x_wconf 88' lang='lat' dir='ltr'><strong>de</strong></span> <span class='ocrx_word' id='word_1_173' title='bbox 1462 1817 1568 1874; x_wconf 88' lang='lat' dir='ltr'><strong>qua</strong></span> <span class='ocrx_word' id='word_1_174' title='bbox 1596 1804 1838 1875; x_wconf 85' lang='lat' dir='ltr'><strong>proxime</strong></span> <span class='ocrx_word' id='word_1_175' title='bbox 1873 1805 1950 1858; x_wconf 83' lang='lat' dir='ltr'><strong>di-</strong></span> 
     </span>
     <span class='ocr_line' id='line_1_23' title="bbox 290 1892 480 1929; baseline 0.011 -2"><span class='ocrx_word' id='word_1_176' title='bbox 290 1892 480 1929; x_wconf 84' lang='lat' dir='ltr'><strong>ximus.</strong></span> 
     </span>
    </p>

    <p class='ocr_par' dir='ltr' id='par_1_4' title="bbox 220 1956 1952 2251">
     <span class='ocr_line' id='line_1_24' title="bbox 220 1956 1951 2015; baseline 0.004 -7"><span class='ocrx_word' id='word_1_177' title='bbox 220 1960 613 2012; x_wconf 78' lang='grc' dir='ltr'><strong>ΕΦΕΣῙΩΝ.</strong></span> <span class='ocrx_word' id='word_1_178' title='bbox 643 1956 1224 2009; x_wconf 76' lang='grc' dir='ltr'><strong>ΓΡΑΜΜΑΤΕΥΣ</strong></span> <span class='ocrx_word' id='word_1_179' title='bbox 1253 1959 1255 1961; x_wconf 88' lang='grc'><em>·</em></span> <span class='ocrx_word' id='word_1_180' title='bbox 1282 1957 1682 2010; x_wconf 74' lang='grc' dir='ltr'><strong>ΑΡΙΣΤΩΝ.</strong></span> <span class='ocrx_word' id='word_1_181' title='bbox 1711 1965 1951 2015; x_wconf 81' lang='lat' dir='ltr'>MHNO-</span> 
     </span>
     <span class='ocr_line' id='line_1_25' title="bbox 295 2023 1951 2100; baseline 0.004 -24"><span class='ocrx_word' id='word_1_182' title='bbox 295 2042 336 2089; x_wconf 77' lang='grc' dir='ltr'><strong>Φ</strong></span> <span class='ocrx_word' id='word_1_183' title='bbox 355 2040 394 2082; x_wconf 89' lang='grc' dir='ltr'><strong>Α</strong></span> <span class='ocrx_word' id='word_1_184' title='bbox 412 2040 519 2085; x_wconf 82' lang='lat' dir='ltr'><strong>NH</strong></span> <span class='ocrx_word' id='word_1_185' title='bbox 537 2029 617 2088; x_wconf 52' lang='grc' dir='ltr'><strong>Σζ</strong></span> <span class='ocrx_word' id='word_1_186' title='bbox 639 2024 816 2084; x_wconf 72' lang='lat' dir='ltr'><strong>Scriba</strong></span> <span class='ocrx_word' id='word_1_187' title='bbox 847 2028 1009 2091; x_wconf 57' lang='lat' dir='ltr'><strong>Aristo</strong></span> <span class='ocrx_word' id='word_1_188' title='bbox 1033 2023 1396 2092; x_wconf 75' lang='lat' dir='ltr'><strong>Menophanes.</strong></span> <span class='ocrx_word' id='word_1_189' title='bbox 1420 2027 1523 2081; x_wconf 84' lang='lat' dir='ltr'><strong>Vel</strong></span> <span class='ocrx_word' id='word_1_190' title='bbox 1555 2027 1731 2081; x_wconf 69' lang='lat' dir='ltr'><strong>Scriba</strong></span> <span class='ocrx_word' id='word_1_191' title='bbox 1760 2035 1951 2100; x_wconf 74' lang='lat' dir='ltr'><strong>Ar1st0‚</strong></span> 
     </span>
     <span class='ocr_line' id='line_1_26' title="bbox 294 2099 1952 2179; baseline 0.004 -25"><span class='ocrx_word' id='word_1_192' title='bbox 294 2104 498 2157; x_wconf 83' lang='lat' dir='ltr'><strong>Praetor</strong></span> <span class='ocrx_word' id='word_1_193' title='bbox 527 2099 890 2172; x_wconf 79' lang='lat' dir='ltr'><strong>Menophanes.</strong></span> <span class='ocrx_word' id='word_1_194' title='bbox 911 2100 1134 2175; x_wconf 81' lang='lat' dir='ltr'><strong>Augusti</strong></span> <span class='ocrx_word' id='word_1_195' title='bbox 1163 2105 1216 2154; x_wconf 87' lang='lat'>&amp;</span> <span class='ocrx_word' id='word_1_196' title='bbox 1248 2103 1409 2156; x_wconf 84' lang='lat' dir='ltr'>Liviae</span> <span class='ocrx_word' id='word_1_197' title='bbox 1438 2104 1610 2177; x_wconf 83' lang='lat' dir='ltr'><strong>capita</strong></span> <span class='ocrx_word' id='word_1_198' title='bbox 1636 2106 1847 2179; x_wconf 84' lang='lat' dir='ltr'><strong>praefert</strong></span> <span class='ocrx_word' id='word_1_199' title='bbox 1865 2107 1952 2160; x_wconf 90' lang='lat' dir='ltr'><strong>hic</strong></span> 
     </span>
     <span class='ocr_line' id='line_1_27' title="bbox 296 2179 991 2251; baseline 0.006 -23"><span class='ocrx_word' id='word_1_200' title='bbox 296 2195 538 2230; x_wconf 88' lang='lat' dir='ltr'><strong>nummus</strong></span> <span class='ocrx_word' id='word_1_201' title='bbox 573 2195 603 2231; x_wconf 87' lang='lat' dir='ltr'><strong>e</strong></span> <span class='ocrx_word' id='word_1_202' title='bbox 633 2179 784 2232; x_wconf 86' lang='lat' dir='ltr'><strong>Gaza</strong></span> <span class='ocrx_word' id='word_1_203' title='bbox 804 2179 991 2251; x_wconf 81' lang='lat' dir='ltr'><strong>Regia.</strong></span> 
     </span>
    </p>

    <p class='ocr_par' dir='ltr' id='par_1_5' title="bbox 226 2255 1953 2405">
     <span class='ocr_line' id='line_1_28' title="bbox 226 2255 1953 2317; baseline -0.005 -4"><span class='ocrx_word' id='word_1_204' title='bbox 226 2268 262 2313; x_wconf 86' lang='lat' dir='ltr'>E</span> <span class='ocrx_word' id='word_1_205' title='bbox 285 2265 618 2317; x_wconf 72' lang='grc' dir='ltr'><strong>ΦΕΕΙΩΝ»</strong></span> <span class='ocrx_word' id='word_1_206' title='bbox 655 2264 810 2312; x_wconf 87' lang='grc' dir='ltr'>ΕΠΙ.</span> <span class='ocrx_word' id='word_1_207' title='bbox 848 2265 1075 2311; x_wconf 84' lang='lat' dir='ltr'><strong>CTPA.</strong></span> <span class='ocrx_word' id='word_1_208' title='bbox 1112 2262 1423 2312; x_wconf 75' lang='lat' dir='ltr'>IOTAIA</span> <span class='ocrx_word' id='word_1_209' title='bbox 1445 2264 1624 2313; x_wconf 76' lang='lat' dir='ltr'><strong>NOT.</strong></span> <span class='ocrx_word' id='word_1_210' title='bbox 1671 2255 1772 2310; x_wconf 81' lang='lat' dir='ltr'><strong>Sub</strong></span> <span class='ocrx_word' id='word_1_211' title='bbox 1809 2263 1953 2312; x_wconf 80' lang='lat' dir='ltr'><strong>Prae..</strong></span> 
     </span>
     <span class='ocr_line' id='line_1_29' title="bbox 297 2329 1952 2405; baseline 0.004 -26"><span class='ocrx_word' id='word_1_212' title='bbox 297 2347 400 2383; x_wconf 81' lang='lat' dir='ltr'><strong>tore</strong></span> <span class='ocrx_word' id='word_1_213' title='bbox 423 2329 649 2383; x_wconf 75' lang='lat' dir='ltr'><strong>Iuliano.</strong></span> <span class='ocrx_word' id='word_1_214' title='bbox 683 2332 764 2384; x_wconf 88' lang='lat' dir='ltr'><strong>M.</strong></span> <span class='ocrx_word' id='word_1_215' title='bbox 793 2331 994 2384; x_wconf 81' lang='lat' dir='ltr'><strong>Aurelii</strong></span> <span class='ocrx_word' id='word_1_216' title='bbox 1025 2347 1265 2381; x_wconf 88' lang='lat' dir='ltr'><strong>nummus</strong></span> <span class='ocrx_word' id='word_1_217' title='bbox 1294 2347 1322 2381; x_wconf 89' lang='lat' dir='ltr'><strong>e</strong></span> <span class='ocrx_word' id='word_1_218' title='bbox 1358 2334 1510 2386; x_wconf 86' lang='lat' dir='ltr'><strong>Gaza</strong></span> <span class='ocrx_word' id='word_1_219' title='bbox 1535 2333 1734 2404; x_wconf 81' lang='lat' dir='ltr'><strong>Regia,</strong></span> <span class='ocrx_word' id='word_1_220' title='bbox 1759 2335 1810 2384; x_wconf 90' lang='lat' dir='ltr'><strong>in</strong></span> <span class='ocrx_word' id='word_1_221' title='bbox 1841 2351 1952 2405; x_wconf 88' lang='lat' dir='ltr'><strong>quo</strong></span> 
     </span>
    </p>
   </div>
   <div class='ocr_carea' id='block_1_2' title="bbox 300 2403 1953 2555">
    <p class='ocr_par' dir='ltr' id='par_1_6' title="bbox 300 2403 1953 2555">
     <span class='ocr_line' id='line_1_30' title="bbox 304 2403 1953 2480; baseline 0.002 -22"><span class='ocrx_word' id='word_1_222' title='bbox 304 2405 549 2478; x_wconf 87' lang='lat' dir='ltr'><strong>Caystrus</strong></span> <span class='ocrx_word' id='word_1_223' title='bbox 577 2407 742 2458; x_wconf 89' lang='lat' dir='ltr'><strong>amnis</strong></span> <span class='ocrx_word' id='word_1_224' title='bbox 774 2403 1100 2459; x_wconf 88' lang='lat' dir='ltr'><strong>decumbens</strong></span> <span class='ocrx_word' id='word_1_225' title='bbox 1127 2407 1318 2460; x_wconf 80' lang='lat' dir='ltr'><strong>Dianae</strong></span> <span class='ocrx_word' id='word_1_226' title='bbox 1350 2403 1584 2480; x_wconf 80' lang='lat' dir='ltr'><strong>Ephefiae</strong></span> <span class='ocrx_word' id='word_1_227' title='bbox 1625 2405 1953 2462; x_wconf 77' lang='lat' dir='ltr'><strong>simulacrum</strong></span> 
     </span>
     <span class='ocr_line' id='line_1_31' title="bbox 300 2480 662 2555; baseline 0.011 -22"><span class='ocrx_word' id='word_1_228' title='bbox 300 2480 482 2534; x_wconf 85' lang='lat' dir='ltr'><strong>dextra</strong></span> <span class='ocrx_word' id='word_1_229' title='bbox 510 2483 662 2555; x_wconf 86' lang='lat' dir='ltr'><strong>gerit.</strong></span> 
     </span>
    </p>
   </div>
   <div class='ocr_carea' id='block_1_3' title="bbox 381 2568 1955 2773">
    <p class='ocr_par' dir='ltr' id='par_1_7' title="bbox 381 2568 1955 2773">
     <span class='ocr_line' id='line_1_32' title="bbox 381 2568 1955 2706; baseline -0.004 -15"><span class='ocrx_word' id='word_1_230' title='bbox 381 2645 473 2691; x_wconf 82' lang='lat' dir='ltr'><strong>AB</strong></span> <span class='ocrx_word' id='word_1_231' title='bbox 492 2642 648 2691; x_wconf 87' lang='lat' dir='ltr'><strong>AAE</strong></span> <span class='ocrx_word' id='word_1_232' title='bbox 669 2645 793 2691; x_wconf 78' lang='grc' dir='ltr'><strong>ΩΝ.</strong></span> <span class='ocrx_word' id='word_1_233' title='bbox 824 2634 964 2706; x_wconf 88' lang='lat' dir='ltr'><strong>Juno</strong></span> <span class='ocrx_word' id='word_1_234' title='bbox 994 2568 1111 2684; x_wconf 63' lang='lat' dir='ltr'><strong>cuilri</strong></span> <span class='ocrx_word' id='word_1_235' title='bbox 1138 2629 1377 2700; x_wconf 87' lang='lat' dir='ltr'><strong>Pallade,</strong></span> <span class='ocrx_word' id='word_1_236' title='bbox 1410 2633 1461 2684; x_wconf 90' lang='lat' dir='ltr'><strong>in</strong></span> <span class='ocrx_word' id='word_1_237' title='bbox 1493 2649 1712 2687; x_wconf 87' lang='lat' dir='ltr'><strong>nummo</strong></span> <span class='ocrx_word' id='word_1_238' title='bbox 1742 2637 1955 2692; x_wconf 74' lang='lat' dir='ltr'><strong>Diadu-</strong></span> 
     </span>
     <span class='ocr_line' id='line_1_33' title="bbox 420 2706 1950 2773; baseline -0.003 -15"><span class='ocrx_word' id='word_1_239' title='bbox 420 2708 673 2773; x_wconf 85' lang='lat' dir='ltr'><strong>meniani,</strong></span> <span class='ocrx_word' id='word_1_240' title='bbox 701 2724 729 2759; x_wconf 90' lang='lat' dir='ltr'><strong>e</strong></span> <span class='ocrx_word' id='word_1_241' title='bbox 760 2707 946 2759; x_wconf 88' lang='lat' dir='ltr'><strong>Museo</strong></span> <span class='ocrx_word' id='word_1_242' title='bbox 981 2710 1030 2760; x_wconf 90' lang='lat' dir='ltr'><strong>S.</strong></span> <span class='ocrx_word' id='word_1_243' title='bbox 1066 2706 1374 2760; x_wconf 85' lang='lat' dir='ltr'><strong>Genovefae.</strong></span> <span class='ocrx_word' id='word_1_244' title='bbox 1406 2718 1672 2766; x_wconf 76' lang='lat' dir='ltr'><strong>KAICAp,</strong></span> <span class='ocrx_word' id='word_1_245' title='bbox 1715 2725 1787 2769; x_wconf 71' lang='grc' dir='ltr'><strong>Μ,</strong></span> <span class='ocrx_word' id='word_1_246' title='bbox 1830 2722 1950 2769; x_wconf 65' lang='grc' dir='ltr'><strong>ΟΠ,</strong></span> 
     </span>
    </p>
   </div>
   <div class='ocr_carea' id='block_1_4' title="bbox 302 2783 1955 2914">
    <p class='ocr_par' dir='ltr' id='par_1_8' title="bbox 302 2783 1955 2914">
     <span class='ocr_line' id='line_1_34' title="bbox 302 2783 1955 2858; baseline -0.007 -15"><span class='ocrx_word' id='word_1_247' title='bbox 302 2796 459 2843; x_wconf 78' lang='lat' dir='ltr'>ANT.</span> <span class='ocrx_word' id='word_1_248' title='bbox 502 2792 852 2841; x_wconf 77' lang='grc' dir='ltr'>ΔΙΑΔΥΜ</span> <span class='ocrx_word' id='word_1_249' title='bbox 871 2783 1805 2858; x_wconf 69' lang='lat' dir='ltr'><strong>ENIANoc.Caefi1rM.opelzas</strong></span> <span class='ocrx_word' id='word_1_250' title='bbox 1835 2794 1955 2846; x_wconf 81' lang='lat' dir='ltr'><strong>An-</strong></span> 
     </span>
     <span class='ocr_line' id='line_1_35' title="bbox 305 2859 983 2914; baseline 0 -2"><span class='ocrx_word' id='word_1_251' title='bbox 305 2869 497 2914; x_wconf 83' lang='lat' dir='ltr'><strong>toninus</strong></span> <span class='ocrx_word' id='word_1_252' title='bbox 528 2859 983 2913; x_wconf 78' lang='lat' dir='ltr'><strong>Diadumenianus.</strong></span> 
     </span>
    </p>
   </div>
   <div class='ocr_carea' id='block_1_5' title="bbox 231 2935 1962 3237">
    <p class='ocr_par' dir='ltr' id='par_1_9' title="bbox 231 2935 1962 3237">
     <span class='ocr_line' id='line_1_36' title="bbox 231 2935 1959 3005; baseline -0.007 -8"><span class='ocrx_word' id='word_1_253' title='bbox 231 2950 271 3000; x_wconf 93' lang='grc' dir='ltr'><strong>Γ</strong></span> <span class='ocrx_word' id='word_1_254' title='bbox 288 2952 329 2995; x_wconf 82' lang='grc' dir='ltr'><strong>Α</strong></span> <span class='ocrx_word' id='word_1_255' title='bbox 346 2950 395 2996; x_wconf 87' lang='grc' dir='ltr'>Δ</span> <span class='ocrx_word' id='word_1_256' title='bbox 414 2950 458 2993; x_wconf 87' lang='grc' dir='ltr'>Α</span> <span class='ocrx_word' id='word_1_257' title='bbox 475 2948 560 2994; x_wconf 87' lang='lat' dir='ltr'><strong>PE</strong></span> <span class='ocrx_word' id='word_1_258' title='bbox 579 2946 629 2993; x_wconf 87' lang='grc' dir='ltr'>Ω</span> <span class='ocrx_word' id='word_1_259' title='bbox 648 2949 707 2993; x_wconf 88' lang='grc' dir='ltr'><strong>Ν.</strong></span> <span class='ocrx_word' id='word_1_260' title='bbox 741 2946 898 2994; x_wconf 74' lang='grc' dir='ltr'><strong>ΓΜΕ.</strong></span> <span class='ocrx_word' id='word_1_261' title='bbox 918 2935 1208 2988; x_wconf 87' lang='lat' dir='ltr'><strong>Commodi</strong></span> <span class='ocrx_word' id='word_1_262' title='bbox 1225 2952 1466 2988; x_wconf 88' lang='lat' dir='ltr'><strong>nummus</strong></span> <span class='ocrx_word' id='word_1_263' title='bbox 1482 2981 1497 3005; x_wconf 92' lang='lat'><strong>,</strong></span> <span class='ocrx_word' id='word_1_264' title='bbox 1521 2953 1550 2989; x_wconf 90' lang='lat' dir='ltr'><strong>e</strong></span> <span class='ocrx_word' id='word_1_265' title='bbox 1564 2937 1755 2992; x_wconf 91' lang='lat' dir='ltr'><strong>Museo</strong></span> <span class='ocrx_word' id='word_1_266' title='bbox 1775 2940 1822 2993; x_wconf 86' lang='lat' dir='ltr'><strong>S.</strong></span> <span class='ocrx_word' id='word_1_267' title='bbox 1849 2939 1959 2993; x_wconf 70' lang='lat' dir='ltr'><strong>Ge.==</strong></span> 
     </span>
     <span class='ocr_line' id='line_1_37' title="bbox 306 3009 1956 3088; baseline 0.002 -21"><span class='ocrx_word' id='word_1_268' title='bbox 306 3011 514 3067; x_wconf 86' lang='lat' dir='ltr'><strong>novefae</strong></span> <span class='ocrx_word' id='word_1_269' title='bbox 533 3055 547 3079; x_wconf 95' lang='lat'><strong>,</strong></span> <span class='ocrx_word' id='word_1_270' title='bbox 578 3014 628 3063; x_wconf 90' lang='lat' dir='ltr'><strong>in</strong></span> <span class='ocrx_word' id='word_1_271' title='bbox 658 3029 767 3085; x_wconf 90' lang='lat' dir='ltr'><strong>quo</strong></span> <span class='ocrx_word' id='word_1_272' title='bbox 796 3013 959 3084; x_wconf 63' lang='lat' dir='ltr'><strong>pictus</strong></span> <span class='ocrx_word' id='word_1_273' title='bbox 986 3010 1090 3086; x_wconf 78' lang='lat' dir='ltr'><strong>ipse</strong></span> <span class='ocrx_word' id='word_1_274' title='bbox 1105 3009 1194 3062; x_wconf 89' lang='lat' dir='ltr'><strong>sub</strong></span> <span class='ocrx_word' id='word_1_275' title='bbox 1219 3010 1468 3067; x_wconf 88' lang='lat' dir='ltr'><strong>Herculis</strong></span> <span class='ocrx_word' id='word_1_276' title='bbox 1494 3011 1740 3065; x_wconf 83' lang='lat' dir='ltr'><strong>imberbis</strong></span> <span class='ocrx_word' id='word_1_277' title='bbox 1766 3013 1956 3088; x_wconf 81' lang='lat' dir='ltr'><strong>effigie:</strong></span> 
     </span>
     <span class='ocr_line' id='line_1_38' title="bbox 307 3085 1962 3237; baseline -0.001 -94"><span class='ocrx_word' id='word_1_278' title='bbox 307 3090 610 3163; x_wconf 81' lang='lat' dir='ltr'><strong>rursumque</strong></span> <span class='ocrx_word' id='word_1_279' title='bbox 639 3104 701 3142; x_wconf 86' lang='lat' dir='ltr'><strong>ex</strong></span> <span class='ocrx_word' id='word_1_280' title='bbox 716 3100 863 3163; x_wconf 84' lang='lat' dir='ltr'><strong>parte</strong></span> <span class='ocrx_word' id='word_1_281' title='bbox 886 3085 1055 3141; x_wconf 74' lang='lat' dir='ltr'><strong>altera</strong></span> <span class='ocrx_word' id='word_1_282' title='bbox 1076 3085 1219 3141; x_wconf 85' lang='lat' dir='ltr'><strong>idem</strong></span> <span class='ocrx_word' id='word_1_283' title='bbox 1244 3086 1487 3217; x_wconf 40' lang='lat' dir='ltr'><strong>laureati&gt;3</strong></span> <span class='ocrx_word' id='word_1_284' title='bbox 1506 3090 1962 3237; x_wconf 52' lang='lat' dir='ltr'><strong>{agigeiferni-tur,</strong></span> 
     </span>
    </p>
   </div>
  </div>
 </body>
</html>
