2228 3428
270 228 360 285 '14

750 207 1075 264 NUMMl
1138 208 1575 282 ANTIQUI

421 288 703 347 Propraetor
725 281 938 346 Africae.
971 282 1131 357 Apud
1155 284 1398 337 Patinum
1415 326 1429 348 ,
1459 300 1577 354 pag.
1621 305 1636 337 1
1661 288 1763 356 24(

346 368 757 416 ATTOKPA.
807 359 865 412 L.
908 360 1009 413 ῙΒ.
1050 358 1367 429 Αᾶπκρσίτωρ.
1404 356 1701 423 Λυκρίςοωπς
1739 365 1803 422 ιβ.
1843 364 1997 413 Anno

425 450 493 484 xi
513 452 550 484 1.
578 435 845 486 Nummus
874 435 1139 501 Neronis,
1158 438 1210 485 in
1240 451 1345 505 quo
1371 430 1564 485 Africae
1592 448 1750 507 caput
1768 432 1993 508 insculp-

427 520 556 559 tum.
588 508 628 559 E
661 507 886 560 Cimelio
918 509 1106 578 Regio,

351 582 402 635 A
420 582 456 634 F
480 585 531 636 R
546 582 568 634 I
585 581 631 634 C
652 581 718 635 A.
753 584 801 634 S.
841 583 905 635 C.
942 582 1236 646 Hadriani,
1252 597 1280 631 e
1298 581 1524 633 Cimelio
1548 580 1723 651 Regio
1741 622 1756 645 ,
1783 585 1835 633 &
1856 582 1998 653 apud

429 656 672 710 Patinum
699 699 713 723 ,
745 672 865 729 pag.
897 677 1002 725 191.
1034 657 1097 707 In
1119 653 1195 705 his
1227 654 1543 727 plerumque
1580 656 1802 705 nummis
1830 654 1993 728 spicas

430 743 575 781 tenet
595 729 776 782 Africa
792 774 806 797 ‚
839 730 1028 801 quibus
1058 728 1165 801 ejus
1189 726 1430 781 fertilitas
1448 729 1777 800 defigamur,
1809 729 1874 781 de
1895 747 2001 800 qua

431 801 624 858 Plinius
657 803 836 856 multis
859 803 988 856 locis
1009 847 1023 869 ,
1052 802 1330 876 praesertim
1361 801 1449 858 lib.
1477 823 1524 857 V.
1550 803 1665 857 feei.
1689 825 1705 856 1
1730 824 1802 857 11.
1835 808 1887 857 &
1907 802 1996 856 lib.

431 896 547 930 xv1
569 899 603 930 1.
636 875 752 931 sea.
790 900 843 932 11
865 900 900 933 1.
946 879 1153 931 Exuviis
1197 880 1354 930 etiam
1385 875 1732 951 elephantinis
1773 880 1999 950 tegitur,

430 950 502 1003 ob
528 951 932 1024 elephantorum
963 955 1016 1004 in
1051 969 1115 1003 eo
1147 954 1313 1005 traetu
1340 950 1710 1025 frequentiam.
1756 950 2004 1006 Claudia-

428 1044 554 1091 nuS,
577 1024 665 1080 lib.
693 1048 711 1080 1
732 1048 766 1080 1.
804 1026 869 1079 de
890 1027 1027 1081 laud.
1063 1025 1227 1081 stilic.

510 1107 644 1153 Tum
669 1099 808 1170 spicis
837 1101 897 1164 (ᾖν
920 1100 1061 1153 dente
1084 1119 1243 1154 comas
1268 1101 1457 1175 instgnis
1486 1099 1689 1163 eburno,

511 1184 580 1228 Et
598 1167 756 1229 calido
782 1175 1051 1229 rubicunda
1078 1175 1156 1228 die
1175 1221 1188 1244 ,
1200 1177 1266 1250 stc
1292 1175 1476 1242 Africa
1490 1178 1653 1243 fatur.

436 1251 710 1322 Scorpium
732 1268 948 1323 quoque
968 1265 1114 1303 tenet
1138 1253 1407 1305 interdum
1427 1295 1442 1318 ,
1463 1269 1569 1322 quo
1585 1251 1895 1322 serpentium
1914 1268 2002 1325 ge.

432 1340 557 1375 nere
579 1341 640 1376 ea
662 1328 808 1397 regio
832 1325 994 1377 scatet
1015 1327 1067 1374 in
1098 1327 1291 1397 primis.
1340 1325 1585 1378 Canistro
1622 1326 1857 1375 innititur
1885 1344 2005 1378 cum

433 1395 586 1449 leone
604 1438 622 1459 ,
657 1400 800 1469 quod
833 1398 894 1450 sit
914 1397 1098 1452 leonum
1128 1399 1281 1451 arida
1308 1407 1477 1451 nutrix
1501 1439 1516 1460 ‚
1543 1412 1599 1449 ut
1625 1401 1698 1452 ait
1722 1400 2007 1456 Horatius,

433 1470 711 1523 Montibus
747 1473 958 1525 demum
999 1472 1184 1527 insidet
1217 1518 1232 1541 ,
1272 1490 1463 1548 nempe
1501 1489 1634 1544 quos
1667 1470 1854 1543 septem
1879 1473 2002 1537 fra„

435 1558 562 1608 tres,
590 1561 649 1597 ut
682 1547 877 1600 Plinius
905 1550 978 1598 ait
1002 1591 1017 1613 ‚
1061 1546 1152 1601 lib.
1183 1567 1231 1602 V.
1268 1548 1382 1604 sedi.
1426 1569 1463 1601 1.
1487 1544 1696 1619 astmili
1732 1546 2008 1602 altitudine

434 1623 706 1688 appeuant.
746 1623 813 1676 Et
835 1619 1041 1676 Solinus
1061 1665 1076 1688 ‚
1101 1639 1216 1694 cap.
1251 1641 1331 1674 xx
1348 1641 1394 1675 v.
1423 1639 1539 1695 pag.
1570 1626 1659 1690 46.
1678 1622 1744 1673 de
1762 1623 2005 1695 Tingita-

434 1711 530 1747 na:
560 1695 799 1770 Exsurgit
821 1693 1058 1747 montibus
1076 1695 1263 1769 septem
1283 1741 1296 1764 ,
1315 1704 1402 1768 qui
1427 1715 1462 1747 a
1475 1693 1794 1768 fimilitudine
1813 1694 2006 1760 fratres

435 1771 673 1837 appeffatt
689 1812 707 1833 ‚
721 1770 857 1836 freto
887 1777 1140 1823 imminent
1157 1795 1173 1823 ε
1195 1769 1247 1824 hi
1283 1787 1466 1826 montes
1491 1768 2010 1846 elephantufrequen-

437 1843 627 1912 testim,
658 1851 762 1900 ἃς.

361 1920 479 1974 AD
503 1921 877 1976 VENTVI.
924 1923 968 1973 A
992 1921 1134 1976 VG.
1173 1923 1386 1976 AFRI
1410 1923 1595 1977 CAE.
1626 1920 1868 1993 Ejusdem
1891 1924 2002 1976 Ha„

437 1991 602 2046 driani
623 2038 637 2059 ‚
666 2012 695 2047 e
735 1996 966 2048 Cimelio
1005 1998 1195 2068 Regio,
1257 2000 1558 2070 Spartianus
1605 2000 1657 2048 in
1697 1994 1974 2050 Hadriano
1991 2041 2005 2064 2

438 2085 557 2140 pag.
597 2088 630 2120 x
650 2090 686 2123 1.
750 2070 966 2142 Qando
990 2078 1038 2121 in
1066 2069 1304 2135 Africam
1342 2079 1484 2123 venit
1521 2074 1591 2124 ad
1612 2072 1883 2123 adventum
1912 2076 2009 2141 ejus

434 2144 535 2210 post
557 2149 935 2216 quinquennium
961 2144 1095 2215 pluit
1119 2169 1133 2196 .·
1170 2162 1323 2215 atque
1351 2146 1458 2198 ideo
1500 2144 1567 2197 ab
1594 2146 1857 2211 Africanis
1887 2144 2007 2198 dile-

442 2217 538 2267 c‘lus
569 2222 642 2285 cst.

364 2291 824 2347 RESTITVT
849 2296 1027 2348 ORI.
1066 2296 1169 2349 AF
1190 2295 1279 2350 RI
1301 2295 1348 2346 C
1369 2294 1413 2346 A
1434 2295 1493 2347 E.
1530 2293 1826 2360 Hadriani,
1862 2295 2002 2366 apud

436 2368 658 2418 eundem
689 2369 927 2420 Patinum
948 2412 963 2434 ‚
988 2386 1104 2442 pag.
1133 2393 1254 2440 194·
1288 2372 1583 2441 Spartianus
1600 2407 1617 2429 ,
1641 2385 1757 2440 pag.
1785 2391 1834 2441 7.
1855 2369 2008 2422 Mul-

436 2456 537 2490 tum
561 2440 879 2510 beneficiorum
898 2451 1167 2511 provinciis
1197 2444 1468 2509 Africanis
1494 2442 1747 2496 attribuit.

364 2517 413 2568 A
428 2516 464 2567 F
487 2517 573 2569 RI
591 2518 637 2569 C
655 2518 721 2570 A.
767 2519 826 2569 In
851 2536 1067 2570 nummo
1084 2522 1256 2573 Severi
1283 2522 1488 2571 exuvias
1510 2518 1863 2590 elephantinas
1881 2534 2007 2591 prae-

436 2586 541 2640 fert
560 2634 575 2657 ‚
594 2597 645 2644 &
672 2589 833 2664 spicas
854 2637 866 2658 ,
894 2591 1045 2644 leone
1072 2594 1138 2645 ad
1163 2593 1320 2667 pedes
1348 2594 1575 2665 jacente.
1597 2593 1895 2665 Spartianus
1913 2636 1927 2656 ,
1948 2595 2002 2643 in

442 2665 662 2731 Severo,
689 2684 807 2738 pag.
840 2672 931 2736 64.
959 2674 1167 2722 Severus
1195 2668 1382 2734 Africa
1413 2666 1634 2720 oriundus
1663 2707 1679 2727 ‚
1712 2675 1784 2718 cui
1822 2673 2006 2718 civitas

440 2744 617 2806 ,Leptis
645 2780 659 2801 ,
694 2755 842 2808 pater
861 2751 1018 2809 Geta,
1047 2750 1147 2798 &a
1184 2746 1252 2798 Et
1283 2762 1399 2816 pag.
1434 2765 1510 2813 71.
1571 2742 1843 2809 Tripolim,
1875 2743 1999 2794 unde

439 2814 657 2866 oriundus
695 2829 806 2868 erat
831 2860 846 2884 ,
875 2818 1070 2892 contufis
1113 2817 1449 2893 bellicofifflmis
1480 2814 1734 2893 gentibus,
1763 2817 2002 2891 securiffi'-

439 2905 576 2939 mam
601 2890 827 2945 reddidit.

370 2960 487 3014 CO
510 2966 1016 3022 NSERVATO
1039 2973 1107 3024 R.
1147 2970 1363 3026 AFRI
1386 2970 1575 3022 CAE.
1615 2968 1814 3023 SVAE.
1852 2969 1998 3022 Con-

439 3033 647 3091 stantini
675 3043 753 3096 M.
780 3041 920 3117 apud
949 3046 1261 3110 Oeconem,¹
1288 3060 1405 3118 pag.
1450 3064 1545 3118 533.
