2228 3428
704 231 1453 287 ILLUS'TRATL
1832 235 1938 284 *2³

368 311 550 360 civitas
578 305 912 383 Lilybaetana.
956 304 1058 360 Sed
1103 308 1718 377 negotiatorumssnomen
1761 252 1937 361 recoyri

368 385 631 435 clationem
658 386 854 434 excitat
880 396 1213 433 nummorum
1243 422 1258 444 ,
1290 380 1340 430 in
1374 380 1607 432 Cimeliis
1634 378 1810 452 paffim
1842 396 1933 430 oc-

366 460 683 509 currentium
702 501 715 524 ,
746 470 782 513 E
798 468 854 511 Μ
871 465 918 509 Π
935 467 982 511 O
1001 456 1133 509 PIT
1152 464 1202 508 Ω
1220 467 1266 510 N
1288 496 1301 520 ,
1335 471 1467 523 quos
1507 453 1573 504 ab
1602 455 1740 506 hisce
1767 471 1930 531 nego-

363 529 637 583 tiatoribus
669 530 846 585 Siculis
876 527 1022 579 cusos
1048 522 1152 578 effe
1171 527 1277 597 jam
1306 541 1457 579 antea
1477 527 1928 583 subindicavimus.

362 610 423 660 In
452 607 670 657 nummis
698 621 854 677 porro
883 599 1326 672 Lilybaetanorum
1353 601 1655 674 Apollinem
1682 645 1696 667 ,
1729 603 1933 675 Apolli-

360 682 501 733 nisve
533 680 820 751 tripodem,
849 691 937 727 aut
960 676 1213 727 citharam
1236 718 1250 742 ,
1278 674 1451 726 videas
1480 673 1928 750 fereinsculptam,

362 771 452 807 aut
483 755 708 824 denique
735 751 1020 824 Sphingem
1056 768 1174 802 cum
1206 765 1338 803 rota.
1400 752 1532 824 Qae
1571 750 1772 823 Sphinx
1806 755 1931 805 &in

360 830 466 882 aliis
498 843 713 898 quoque
742 825 927 879 Siciliae
945 826 1167 876 nummis
1196 826 1440 877 occurrit.
1471 826 1636 898 Cujus
1663 828 1735 876 rei
1754 825 1933 878 admo.

359 904 560 954 nitione
589 899 792 952 &illius
823 917 850 951 a
880 899 1060 952 Tullio
1086 898 1258 951 facete
1285 898 1407 952 dic'ti
1430 903 1575 952 venit
1600 905 1650 953 in
1679 917 1930 969 mentem³

360 977 507 1046 quod
543 974 732 1029 Plinius
772 974 944 1027 noster
974 976 1158 1026 recitat
1177 1018 1190 1041 ,
1219 974 1353 1026 libro
1377 994 1533 1029 xxx1
1555 995 1602 1030 v,
1632 976 1749 1029 sect.
1768 995 1927 1030 xv111-.

359 1057 521 1126 Signis
541 1097 554 1120 ‚
583 1051 712 1122 quae'
733 1064 917 1103 vocant
958 1047 1222 1103 Corinthia
1241 1091 1254 1113 ‚
1290 1048 1511 1121 plerique
1545 1058 1595 1104 in
1620 1068 1813 1107 tantum
1845 1071 1929 1104 ca.

349 1134 581 1195 piantur,
607 1141 662 1177 ut
673 1126 840 1198 secum
865 1124 1202 1193 circumferant
1222 1169 1236 1192 ,
1254 1124 1378 1197 sicut
1408 1132 1486 1179 H
1485 1129 1710 1203 ortenstlbs
1746 1137 1934 1185 Orator

360 1200 625 1277 Sphingem
653 1209 804 1256 Verri
830 1221 904 1254 reo
940 1200 1190 1256 ablatam.
1234 1207 1450 1270 Propter
1478 1222 1633 1274 quam
1662 1214 1824 1260 Cicero
1845 1205 1927 1254 illo

351 1280 540 1344 judicio
568 1283 617 1329 in
635 1276 960 1330 altercatione
982 1282 1183 1352 neganti
1212 1282 1255 1326 ei
1274 1275 1614 1351 seaenigmata
1636 1281 1922 1354 intelligere,

358 1353 597 1428 respondit
635 1352 800 1406 debere
831 1397 844 1420 ,
884 1361 1118 1424 quoniam
1153 1350 1412 1424 Sphingem
1438 1354 1568 1405 domi
1608 1353 1823 1409 haberet.
1858 1356 1930 1414 Id

356 1445 549 1502 nempe
575 1430 772 1501 fignum
797 1446 824 1479 a
847 1427 1026 1482 Siculis
1046 1433 1232 1484 Verres
1260 1425 1572 1497 abstulerat,
1604 1432 1928 1503 dederatque

338 1505 651 1556 -Hortenfio
672 1519 920 1577 patrono,

205 1587 359 1633 AI'M
379 1591 428 1635 H
444 1592 529 1636 PE
549 1591 598 1636 Ω
621 1591 681 1633 N.
713 1581 982 1632 Nummus
1012 1577 1523 1651 GordianijunioriS.
1548 1580 1718 1635 Plinio
1738 1626 1752 1649 ,
1786 1581 1922 1635 libro

352 1674 368 1706 1
389 1673 435 1706 v.
465 1652 580 1707 sect.
607 1675 623 1706 1
641 1672 689 1705 X.
722 1654 772 1704 in
803 1649 1188 1725 Peloponneso.
1212 1654 1497 1723 Epidaurus
1527 1666 1730 1711 Limera
1758 1676 1923 1734 cogno-⁷

350 1735 489 1783 mine.
520 1728 776 1783 Pausaniae
816 1727 906 1780 lib.
947 1749 960 1780 1
992 1749 1007 1781 1
1035 1752 1078 1782 1.
1111 1729 1310 1783 Lacon.
1347 1747 1464 1804 pag.
1502 1752 1622 1802 204.
1655 1735 1789 1784 inter
1825 1752 1924 1807 op⁴

350 1805 470 1875 pida
504 1802 1071 1870 Eleutherolaconum,
1108 1805 1383 1873 Ἐπίέὶωϋς
1421 1808 1449 1866 n‘
1482 1807 1697 1879 Awagj,
1758 1811 1925 1863 Nunc

353 1896 570 1951 quoque
601 1877 865 1947 Epea'aura
900 1903 913 1930 .-
950 1897 1061 1930 non
1086 1894 1143 1929 ut
1172 1883 1382 1952 quidam
1413 1882 1624 1949 volunt,
1653 1883 1923 1951 Malvafia,

351 1951 800 2006 Monembafiave.
841 1956 898 2006 In
920 1969 980 2005 ea
999 1955 1127 2004 urbe
1155 1955 1278 2005 olim
1303 1951 1424 2007 fana
1456 1960 1707 2025 Venerist,
1735 1959 1924 2012 AEscu-

350 2027 473 2099 lapii
489 2073 503 2095 ,
523 2030 775 2081 Minervae
790 2071 805 2095 ‚
829 2033 880 2080 δε
903 2027 1013 2085 Διός
1029 2035 1242 2095 Ean-{5395
1260 2073 1273 2096 ,
1291 2031 1439 2104 Jovis
1460 2032 1743 2084 Servatoris
1760 2034 1928 2104 fuere,

351 2101 483 2154 teste
508 2103 752 2157 Pausania
773 2104 1042 2157 inlLacon.
1073 2121 1187 2176 pag.
1218 2126 1335 2175 107.

203 2185 357 2233 ΛΙΠ
380 2188 714 2236 APAION.
759 2189 1290 2245 ΛΙΠΑΡΑΙΩΝ,
1333 2186 1386 2234 &
1432 2192 1569 2238 ΑιΠ.
1616 2185 1668 2234 in
1696 2188 1921 2238 nummis

355 2256 559 2308 Parutae
577 2299 589 2320 ,
612 2260 665 2308 δε
688 2256 740 2304 in
758 2255 963 2307 Graecia
988 2269 1165 2306 vetere
1187 2256 1403 2310 Goltzii.
1439 2259 1607 2310 Plinio
1626 2303 1640 2324 ,
1662 2259 1753 2314 lib.
1791 2283 1806 2316 1
1835 2282 1852 2315 1
1878 2285 1929 2316 1.=

350 2325 466 2382 sest.
490 2346 523 2380 x
542 2351 559 2383 1
576 2348 624 2382 v.
652 2335 854 2396 Lipara
875 2370 891 2389 ‚
919 2330 1047 2380 citra
1075 2329 1299 2381 Siciliam
1327 2328 1486 2383 infiila
1502 2376 1518 2399 ,
1542 2332 1807 2406 hodieque
1824 2346 1921 2392 Li„

341 2408 480 2470 pari.
509 2406 568 2457 In
598 2406 822 2456 nummis
853 2406 912 2454 iis
938 2405 1244 2478 Neptunius
1287 2405 1484 2457 tridens
1513 2451 1527 2474 ,
1571 2410 1623 2460 in
1670 2409 1779 2461 aliis
1815 2413 1925 2486 ipse
1993 2407 1996 2411 ’

346 2477 616 2531 Vulcanus
645 2478 931 2552 insculptus
950 2523 964 2546 ,
983 2494 1074 2531 aut
1092 2479 1283 2534 AEolus
1310 2483 1482 2553 potius
1500 2526 1514 2548 ,
1542 2501 1700 2555 quem
1727 2484 1800 2537 ibi
1827 2490 1919 2540 im⁴

347 2551 588 2624 peritaffe
614 2551 792 2609 ferunt
822 2579 833 2606 ε
865 2553 1094 2627 denique
1127 2556 1181 2605 in
1217 2553 1326 2607 aliis
1355 2573 1545 2608 cancer
1566 2602 1580 2623 ,
1608 2560 1661 2610 in
1687 2567 1918 2616 ‘nummis

345 2626 620 2679 insularum
639 2672 653 2695 ,
682 2644 740 2681 ut
762 2630 981 2681 diximus
999 2671 1013 2694 ,
1046 2628 1309 2701 frequens,
1359 2630 1447 2683 Est
1474 2637 1528 2685 &
1557 2635 1718 2687 Ceres
1753 2639 1805 2688 in
1841 2637 1926 2691 his.

351 2717 472 2752 cum
495 2699 670 2774 spicis,
701 2703 795 2754 soli
828 2703 1077 2755 ubertatis
1105 2703 1278 2758 index.
1314 2704 1505 2761 Strabo
1525 2751 1539 2774 ‚
1562 2707 1650 2762 lib.
1682 2728 1716 2761 v
1735 2731 1771 2764 1.
1800 2729 1917 2786 pag.

362 2797 387 2827 2
404 2796 498 2847 75.
546 2777 614 2827 de
638 2778 827 2852 Lipara
848 2805 859 2832 z
885 2777 1014 2855 ’Ἔχει
1039 2779 1069 2851 ‘j
1097 2776 1133 2833 ἓ
1157 2783 1230 2844 ἦν
1258 2779 1510 2853 &affl-mr.
1549 2788 1750 2859 Agrum
1773 2783 1926 2842 habet

339 2848 577 2912 ftrtilem.
1020 2902 1022 2905 .

202 2924 246 2977 L
267 2924 319 2977 O
340 2926 378 2976 Β
396 2926 434 2977 E
450 2927 499 2978 T
517 2928 565 2977 V
586 2925 665 2976 M.
711 2926 773 2978 M
792 2929 840 2980 V
861 2927 938 2981 N.
957 2928 1188 2994 Tiberii,
1207 2945 1235 2980 e
1250 2928 1522 2984 Thesauro
1546 2934 1753 2990 Goltzii
1774 2980 1785 3002 ‚
1802 2954 1920 3012 pag.

354 3021 483 3072 244.
525 2999 729 3059 Ao'anv
761 3000 1087 3070 Ptolemaeo,
1126 3000 1215 3059 lib.
1242 3025 1259 3060 1
1285 3026 1330 3060 1.
1351 3022 1463 3080 cap.
1489 3027 1562 3062 vi.
1588 3011 1642 3061 in
1671 3010 1925 3086 Hispania.

349 3075 732 3129 Tarraconen-fi
763 3075 1035 3151 oppidum.

1531 3161 1644 3214 Oo
1688 3161 1738 3236 iij
