2228 3428
735 172 1364 230 ILLUSTRATI.
1822 198 1943 252 447

359 243 615 318 lycadnum
642 284 657 306 ‚
701 244 992 300 Tracheotis
1015 256 1315 323 cognomine,
1353 254 1453 304 &o
1614 301 1619 304 .

285 332 326 380 C
343 332 380 378 E
399 331 445 377 A
461 333 498 378 E
514 331 555 376 Υ
574 333 616 378 Κ
631 334 668 379 E
688 333 738 380 Ω
757 338 817 381 N.
857 326 1119 376 Antonini
1142 327 1245 391 Pii,
1272 324 1412 398 apud
1443 322 1742 378 Tristunum
1766 370 1779 394 ,
1805 344 1923 403 pag.

363 402 489 467 609.
517 400 577 450 In
600 415 664 450 eo
692 416 908 449 nummo
936 397 1164 450 turribus
1188 417 1249 450 ac
1277 401 1432 450 muris
1462 402 1722 452 munitum
1751 406 1932 457 credas

354 472 610 546 oppidum
630 475 843 525 intueri:
874 489 901 523 e
921 473 1142 523 turribus
1167 490 1293 524 vero
1316 471 1574 546 assurgere
1605 478 1746 547 quasi
1770 478 1926 530 arbo-

350 564 433 598 res
452 548 578 599 duas
594 591 608 614 ,
628 549 779 598 ramis
813 545 993 597 decisis
1010 588 1024 612 ,
1056 564 1116 598 ac
1139 549 1290 598 nodis
1312 548 1626 600 exstantibus
1651 574 1660 602 :
1684 569 1788 623 qua
1812 557 1925 624 qui-

349 623 469 675 dem
501 621 675 695 effigie
701 619 999 672 adumbrari
1029 636 1208 693 putem
1248 622 1400 692 hujus
1437 621 1681 678 Seleuciae
1724 644 1925 699 cogno-

347 714 467 749 men
492 739 505 762 ,
530 695 903 750 Traclieotidis
921 739 936 762 ‚
965 711 1022 747 ut
1049 696 1241 750 Plinius
1268 697 1534 770 appellat,
1563 698 1647 749 vel
1678 710 1925 778 Teypfflag,

346 786 402 823 ut
420 770 533 835 alii,
555 771 657 822 hoc
676 769 751 822 est
778 814 792 838 ,
818 769 1004 842 asperae
1027 796 1037 823 ε
1067 772 1206 824 unde
1227 771 1404 844 &ipsa
1427 773 1609 824 Cilicia
1627 773 1800 846 aspera
1831 796 1922 828 co-

345 847 653 917 gnominata
679 845 752 896 est
770 887 785 912 2
814 860 871 895 ut
892 846 1114 896 diximus
1142 848 1192 896 in
1214 846 1457 901 Plinianis
1478 850 1633 902 notis.
1672 850 1831 903 Certe
1853 854 1920 904 ad

345 919 632 973 Seleuciam
681 922 836 991 Syrico
866 918 1093 993 spectare
1127 939 1395 973 nummum
1425 938 1540 974 eum
1563 967 1576 989 ,
1611 941 1916 995 quanquam

339 996 413 1046 ita
436 994 703 1048 Tristanus
733 994 908 1046 statuit
926 1038 940 1061 ,
973 1012 1276 1068 argumenta
1297 995 1437 1049 nulla
1457 996 1688 1052 suadent.
1717 1000 1916 1055 Multas

341 1071 578 1123 civitates
616 1069 897 1121 adornatas
926 1069 992 1120 ab
1029 1072 1307 1124 Antonino
1329 1116 1342 1138 ,
1373 1072 1648 1145 amstasque
1694 1078 1913 1146 egregiis

339 1146 583 1218 operibus
600 1188 613 1211 ,
634 1150 685 1198 &
712 1161 775 1214 ex
806 1144 1124 1219 Nicephoro
1145 1145 1421 1199 docuimus
1438 1150 1490 1198 in
1509 1151 1730 1199 nummis
1753 1161 1912 1209 ΑΔΕ,

341 1232 387 1280 Ξ
405 1235 446 1278 A
463 1233 507 1278 N
525 1233 572 1278 Δ
592 1234 626 1277 Ρ
642 1233 677 1278 Ε
699 1231 749 1278 Ω
768 1235 814 1278 N
833 1264 846 1287 ,
879 1224 931 1272 &
963 1237 1024 1273 cx
1054 1222 1364 1294 Capitolino
1404 1219 1566 1275 disces
1596 1266 1610 1289 ,
1653 1240 1771 1297 pag.
1819 1250 1908 1283 20,

334 1298 548 1350 Multas
573 1304 803 1351 civitates
821 1295 1027 1362 adjuvit
1034 1302 1246 1364 pecunia
1261 1338 1276 1360 ,
1301 1312 1358 1349 ut
1381 1312 1527 1368 opera
1555 1297 1644 1350 vel
1663 1317 1794 1352 nova
1811 1301 1909 1367 fa-

332 1388 524 1436 cereno,
552 1373 638 1426 vel
656 1386 831 1425 vetera
866 1373 1157 1438 restituerent
1171 1413 1188 1435 ,
1217 1373 1315 1435 &a

256 1456 763 1506 CEAETKEQN.
811 1459 852 1501 T
877 1459 926 1504 Ω
951 1461 1012 1504 Ν.
1058 1458 1296 1506 HPOC.
1339 1460 1896 1512 KAATKAANQ.

328 1524 568 1574 Bacchus
602 1541 755 1573 curru
783 1525 957 1573 νεέὶυε
991 1521 1122 1572 binis
1155 1521 1430 1595 tigridibus
1469 1525 1672 1594 juncto,
1717 1540 1759 1581 Α
1782 1540 1824 1583 Υ
1846 1541 1903 1584 Τ,

325 1608 463 1652 ΚΑΙ.
493 1609 555 1652 Λ.
591 1606 741 1654 ΕΞΠ.
777 1606 1242 1655 CEOTHPOC.
1288 1608 1549 1654 ΙΟΥΑΙΑ.
1587 1612 1904 1661 ΔΟΜΝΑ.

325 1683 365 1728 C
382 1685 419 1729 E
435 1683 469 1726 B
486 1686 530 1728 A
547 1684 603 1729 C.
629 1679 758 1738 Imp.
777 1670 904 1744 Caeſs
919 1681 984 1725 L.
1004 1677 1267 1742 Septimius
1286 1678 1508 1729 Severus.
1536 1674 1682 1727 lulla
1699 1682 1906 1733 Domna

321 1750 566 1820 Augusta.
603 1748 641 1800 E
668 1746 894 1799 Cimelio
920 1749 1110 1820 Regio.

253 1828 293 1874 C
310 1835 349 1879 E
365 1834 458 1881 ΛΕ
473 1835 517 1878 Υ
533 1835 575 1880 Κ
590 1835 624 1879 E
645 1835 694 1880 Ω
711 1837 771 1880 Ν.
810 1833 853 1878 K
870 1834 911 1877 A
928 1831 989 1878 A.
1019 1823 1304 1877 Caracallae
1319 1870 1332 1894 ‚
1362 1843 1425 1878 ex
1442 1825 1630 1879 eodem
1658 1829 1902 1885 cimelio.

250 1904 291 1948 C
307 1910 343 1954 E
365 1909 517 1956 ΛΕΥ
535 1912 628 1956 ΚΕ
645 1911 694 1954 Ω
711 1912 771 1954 Ν.
809 1909 851 1953 K
867 1911 907 1952 A
925 1908 1045 1955 ΑΥ.
1072 1898 1359 1950 Alexandri
1383 1903 1586 1966 Severi,
1611 1902 1826 1957 ibidem.

244 1982 285 2028 C
301 1984 453 2032 EAE
469 1987 568 2031 ΥΚ
586 1987 621 2031 E
643 1985 693 2030 Ω
710 1987 770 2030 Ν.
807 1984 847 2026 Τ
869 1984 918 2029 Ω
937 1986 997 2029 Ν.
1034 1982 1238 2031 HPOC.
1282 1986 1398 2032 ΤΩ.
1437 1985 1897 2039 ΚΑΑΥΚΑΔΝΩ.

318 2050 581 2102 Gordiani
601 2049 820 2121 junioris
839 2091 852 2113 ,
881 2065 909 2100 e
935 2049 1087 2100 Gaza
1111 2052 1297 2121 Regia.

238 2134 738 2184 CEAETKEQN
779 2135 878 2180 NE
903 2135 1281 2182 ΩΚΟΡΩΝ.
1321 2136 1422 2183 ΠΡ
1445 2138 1702 2186 ΩΤΩΝ.
1728 2126 1892 2182 Seleu-

311 2200 508 2273 confium
530 2208 617 2273 qui
632 2207 781 2270 primi
809 2206 1030 2252 Neocom'
1049 2199 1223 2265 fuere,
1257 2202 1361 2254 hoc
1389 2204 1462 2256 est
1482 2247 1495 2270 ‚
1529 2206 1618 2274 qui
1644 2206 1795 2276 primi
1819 2202 1893 2256 sa..

312 2293 402 2327 cra
432 2279 827 2347 certaminaque
865 2274 1097 2328 solennia
1135 2279 1296 2328 totius
1325 2280 1607 2349 provinciae
1639 2280 1808 2331 fecere
1841 2281 1893 2332 in

309 2352 530 2422 gratiam
555 2352 906 2424 Imperatoris,
939 2350 1205 2404 Gordiani
1237 2368 1297 2402 ac
1328 2352 1708 2425 Tranquillinae
1741 2372 1891 2406 num-

308 2443 421 2477 mus
439 2471 453 2492 ,
474 2427 615 2499 apud
640 2426 941 2478 Tristanum
958 2471 972 2493 ,
996 2441 1126 2479 tom.
1165 2448 1181 2480 1
1211 2449 1254 2482 1.
1279 2443 1399 2499 pag.
1428 2449 1541 2500 524.

232 2510 750 2559 CEAETKEQN.
793 2513 959 2558 ΤΩΝ.
999 2512 1167 2562 ΠΡΟ
1190 2516 1247 2561 C·
1289 2514 1406 2562 ΤΩ.
1448 2515 1885 2563 ΚΑΛΥΚΑΔ-

309 2589 356 2631 Ν
378 2588 445 2633 Ω.
489 2590 523 2634 E
542 2588 636 2635 ΛΕ
653 2589 695 2632 Υ
711 2587 805 2633 ΘΕ
822 2591 854 2632 Ρ
873 2591 914 2632 A
931 2590 987 2635 C.
1032 2579 1295 2631 Gordiani
1335 2583 1507 2652 capite
1522 2599 1780 2633 nummus
1805 2584 1884 2632 in-

307 2649 564 2722 sculptus:
601 2657 655 2704 &
682 2650 811 2702 alter
841 2652 1102 2705 Gordiani
1138 2652 1284 2705 fimul
1312 2659 1364 2706 &
1399 2655 1806 2728 Tranquillum,
1832 2659 1884 2707 in

312 2725 539 2776 Cimelio
570 2727 763 2797 Regio,
812 2726 998 2778 Similis
1027 2731 1079 2778 &
1102 2727 1331 2800 Philippi
1359 2731 1522 2782 Patris
1548 2730 1686 2803 apud
1719 2733 1881 2803 Span-

305 2797 565 2865 hemium‚
600 2817 717 2872 pag.
751 2804 822 2867 78
842 2805 889 2853 6.
926 2804 979 2852 &
1010 2801 1061 2849 in
1085 2800 1266 2852 eadem
1311 2806 1480 2876 Regia
1515 2806 1683 2859 Gaza.
1715 2805 1882 2859 Seleu..

305 2873 502 2946 constum
530 2873 604 2926 ad
629 2872 966 2945 Calycadnum
983 2915 998 2936 ,
1022 2872 1187 2928 liberae
1215 2878 1454 2933 civitatis,
1524 2890 1528 2893 ’

154 2954 250 3006 ΣΕ
271 2958 671 3008 ΛΕΥΚΕΩΝ
697 2956 749 3000 in
776 2955 934 3025 Syria.

176 3036 313 3091 ¹CF.
336 3035 596 3085 ΛΕΥΚΕ
617 3038 732 3086 ΩΝ
768 3034 958 3084 ΠΙΕΡ
980 3037 1134 3086 IAC.
1156 3026 1372 3100 Trajani
1400 3047 1680 3099 nummuS,
1704 3030 1876 3084 εΜω-
